{"e":"trade","E":1599449895546,"s":"ETHUSDT","t":184474685,"p":"348.23000000","q":"0.03160000","b":1684955959,"a":1684955929,"T":1599449895545,"m":false,"M":true}
{"e":"trade","E":1599449895818,"s":"BTCUSDT","t":408142407,"p":"10207.41000000","q":"0.00116500","b":3148033449,"a":3148033421,"T":1599449895816,"m":false,"M":true}
{"e":"trade","E":1599449896084,"s":"ETHUSDT","t":184474686,"p":"348.22000000","q":"0.11485000","b":1684955894,"a":1684955985,"T":1599449896083,"m":true,"M":true}
{"e":"trade","E":1599449896084,"s":"ETHUSDT","t":184474687,"p":"348.21000000","q":"0.00715000","b":1684955682,"a":1684955985,"T":1599449896083,"m":true,"M":true}
{"e":"trade","E":1599449897322,"s":"ETHUSDT","t":184474688,"p":"348.21000000","q":"0.12600000","b":1684955682,"a":1684956035,"T":1599449897320,"m":true,"M":true}
{"e":"trade","E":1599449897499,"s":"BTCUSDT","t":408142408,"p":"10207.40000000","q":"0.00152300","b":3148033412,"a":3148033543,"T":1599449897497,"m":true,"M":true}
{"e":"trade","E":1599449897804,"s":"ETHUSDT","t":184474689,"p":"348.22000000","q":"0.44032000","b":1684956045,"a":1684955986,"T":1599449897803,"m":false,"M":true}
{"e":"trade","E":1599449967508,"s":"BTCUSDT","t":408142741,"p":"10212.57000000","q":"0.02111100","b":3148038947,"a":3148038751,"T":1599449967507,"m":false,"M":true}
{"e":"trade","E":1599449967569,"s":"BTCUSDT","t":408142742,"p":"10212.57000000","q":"0.03406300","b":3148038949,"a":3148038751,"T":1599449967568,"m":false,"M":true}
{"e":"trade","E":1599449967755,"s":"BTCUSDT","t":408142743,"p":"10212.56000000","q":"0.04280700","b":3148038684,"a":3148038953,"T":1599449967754,"m":true,"M":true}
{"e":"trade","E":1599449967755,"s":"BTCUSDT","t":408142744,"p":"10212.56000000","q":"0.00821600","b":3148038767,"a":3148038953,"T":1599449967754,"m":true,"M":true}
{"e":"trade","E":1599449968660,"s":"BTCUSDT","t":408142745,"p":"10212.63000000","q":"0.01717600","b":3148039024,"a":3148039054,"T":1599449968659,"m":true,"M":true}
{"e":"trade","E":1599449968855,"s":"BTCUSDT","t":408142746,"p":"10212.63000000","q":"0.01604200","b":3148039024,"a":3148039082,"T":1599449968853,"m":true,"M":true}
{"e":"trade","E":1599449969601,"s":"BTCUSDT","t":408142747,"p":"10212.63000000","q":"0.00313900","b":3148039024,"a":3148039161,"T":1599449969600,"m":true,"M":true}
{"e":"trade","E":1599449969631,"s":"BTCUSDT","t":408142748,"p":"10212.63000000","q":"0.00113500","b":3148039024,"a":3148039163,"T":1599449969630,"m":true,"M":true}
{"e":"trade","E":1599449969846,"s":"ETHUSDT","t":184475047,"p":"348.59000000","q":"0.88411000","b":1684961321,"a":1684961726,"T":1599449969845,"m":true,"M":true}
{"e":"trade","E":1599449970003,"s":"BTCUSDT","t":408142749,"p":"10212.63000000","q":"0.00979100","b":3148039024,"a":3148039171,"T":1599449970002,"m":true,"M":true}
{"e":"trade","E":1599449970081,"s":"ETHUSDT","t":184475048,"p":"348.60000000","q":"0.03357000","b":1684961742,"a":1684959746,"T":1599449970080,"m":false,"M":true}
{"e":"trade","E":1599449970505,"s":"BTCUSDT","t":408142750,"p":"10212.63000000","q":"0.01565600","b":3148039024,"a":3148039198,"T":1599449970503,"m":true,"M":true}
{"e":"trade","E":1599449970955,"s":"BTCUSDT","t":408142751,"p":"10212.63000000","q":"0.00849200","b":3148039024,"a":3148039205,"T":1599449970954,"m":true,"M":true}
{"e":"trade","E":1599449971154,"s":"BTCUSDT","t":408142752,"p":"10212.63000000","q":"0.00553300","b":3148039024,"a":3148039211,"T":1599449971152,"m":true,"M":true}
{"e":"trade","E":1599449971886,"s":"BTCUSDT","t":408142753,"p":"10212.63000000","q":"0.01485200","b":3148039032,"a":3148039249,"T":1599449971885,"m":true,"M":true}
{"e":"trade","E":1599449972187,"s":"ETHUSDT","t":184475049,"p":"348.59000000","q":"0.31163000","b":1684961321,"a":1684961814,"T":1599449972186,"m":true,"M":true}
{"e":"trade","E":1599449972187,"s":"ETHUSDT","t":184475050,"p":"348.59000000","q":"1.83767000","b":1684961415,"a":1684961814,"T":1599449972186,"m":true,"M":true}
{"e":"trade","E":1599449972199,"s":"ETHUSDT","t":184475051,"p":"348.59000000","q":"0.27539000","b":1684961415,"a":1684961818,"T":1599449972198,"m":true,"M":true}
{"e":"trade","E":1599449972482,"s":"BTCUSDT","t":408142754,"p":"10212.63000000","q":"0.00934100","b":3148039032,"a":3148039292,"T":1599449972481,"m":true,"M":true}
{"e":"trade","E":1599449972579,"s":"BTCUSDT","t":408142755,"p":"10212.63000000","q":"0.01485000","b":3148039032,"a":3148039298,"T":1599449972578,"m":true,"M":true}
{"e":"trade","E":1599449972790,"s":"BTCUSDT","t":408142756,"p":"10212.63000000","q":"0.04807300","b":3148039032,"a":3148039312,"T":1599449972789,"m":true,"M":true}
{"e":"trade","E":1599449972790,"s":"BTCUSDT","t":408142757,"p":"10212.63000000","q":"0.00212300","b":3148039162,"a":3148039312,"T":1599449972789,"m":true,"M":true}
{"e":"trade","E":1599449972924,"s":"ETHUSDT","t":184475052,"p":"348.56000000","q":"0.19801000","b":1684961924,"a":1684961844,"T":1599449972923,"m":false,"M":true}
{"e":"trade","E":1599449972952,"s":"BTCUSDT","t":408142758,"p":"10212.63000000","q":"0.00000100","b":3148039162,"a":3148039319,"T":1599449972951,"m":true,"M":true}
{"e":"trade","E":1599449973675,"s":"BTCUSDT","t":408142759,"p":"10212.57000000","q":"0.05000000","b":3148039382,"a":3148039321,"T":1599449973674,"m":false,"M":true}
{"e":"trade","E":1599449973847,"s":"BTCUSDT","t":408142760,"p":"10212.57000000","q":"0.00116000","b":3148039389,"a":3148039321,"T":1599449973846,"m":false,"M":true}
{"e":"trade","E":1599449973924,"s":"BTCUSDT","t":408142761,"p":"10212.56000000","q":"0.00109900","b":3148038767,"a":3148039395,"T":1599449973924,"m":true,"M":true}
{"e":"trade","E":1599449974554,"s":"BTCUSDT","t":408142762,"p":"10212.56000000","q":"0.00986800","b":3148038767,"a":3148039441,"T":1599449974553,"m":true,"M":true}
{"e":"trade","E":1599449974554,"s":"BTCUSDT","t":408142763,"p":"10212.56000000","q":"0.05508800","b":3148039392,"a":3148039441,"T":1599449974553,"m":true,"M":true}
{"e":"trade","E":1599449975506,"s":"BTCUSDT","t":408142764,"p":"10212.56000000","q":"0.01400900","b":3148039392,"a":3148039472,"T":1599449975505,"m":true,"M":true}
{"e":"trade","E":1599449975597,"s":"BTCUSDT","t":408142765,"p":"10212.56000000","q":"0.00973900","b":3148039392,"a":3148039475,"T":1599449975596,"m":true,"M":true}
{"e":"trade","E":1599449975708,"s":"BTCUSDT","t":408142766,"p":"10212.56000000","q":"0.00271200","b":3148039392,"a":3148039477,"T":1599449975707,"m":true,"M":true}
{"e":"trade","E":1599449976043,"s":"ETHUSDT","t":184475053,"p":"348.56000000","q":"0.03702000","b":1684962069,"a":1684961973,"T":1599449976042,"m":false,"M":true}
{"e":"trade","E":1599449977098,"s":"BTCUSDT","t":408142767,"p":"10212.56000000","q":"0.00129500","b":3148039392,"a":3148039506,"T":1599449977097,"m":true,"M":true}
{"e":"trade","E":1599449977359,"s":"BTCUSDT","t":408142768,"p":"10212.56000000","q":"0.01526000","b":3148039392,"a":3148039519,"T":1599449977358,"m":true,"M":true}
{"e":"trade","E":1599449977359,"s":"BTCUSDT","t":408142769,"p":"10212.55000000","q":"0.02336100","b":3148038580,"a":3148039519,"T":1599449977358,"m":true,"M":true}
{"e":"trade","E":1599449978289,"s":"ETHUSDT","t":184475054,"p":"348.56000000","q":"0.03278000","b":1684962159,"a":1684961973,"T":1599449978288,"m":false,"M":true}
{"e":"trade","E":1599449979086,"s":"ETHUSDT","t":184475055,"p":"348.55000000","q":"0.40876000","b":1684961502,"a":1684962178,"T":1599449979085,"m":true,"M":true}
{"e":"trade","E":1599449980227,"s":"ETHUSDT","t":184475056,"p":"348.55000000","q":"0.14510000","b":1684961502,"a":1684962208,"T":1599449980226,"m":true,"M":true}
{"e":"trade","E":1599449981113,"s":"ETHUSDT","t":184475057,"p":"348.56000000","q":"0.07553000","b":1684962234,"a":1684961973,"T":1599449981112,"m":false,"M":true}
{"e":"trade","E":1599449981113,"s":"ETHUSDT","t":184475058,"p":"348.56000000","q":"0.42447000","b":1684962234,"a":1684962095,"T":1599449981112,"m":false,"M":true}
{"e":"trade","E":1599449981178,"s":"BTCUSDT","t":408142770,"p":"10212.46000000","q":"0.00206500","b":3148039528,"a":3148039647,"T":1599449981176,"m":true,"M":true}
{"e":"trade","E":1599449981602,"s":"BTCUSDT","t":408142771,"p":"10212.47000000","q":"0.01918300","b":3148039687,"a":3148039529,"T":1599449981601,"m":false,"M":true}
{"e":"trade","E":1599449981602,"s":"BTCUSDT","t":408142772,"p":"10212.47000000","q":"0.10118600","b":3148039687,"a":3148039542,"T":1599449981601,"m":false,"M":true}
{"e":"trade","E":1599449981605,"s":"ETHUSDT","t":184475059,"p":"348.55000000","q":"2.44614000","b":1684961502,"a":1684962239,"T":1599449981604,"m":true,"M":true}
{"e":"trade","E":1599449981605,"s":"ETHUSDT","t":184475060,"p":"348.55000000","q":"1.08086000","b":1684962005,"a":1684962239,"T":1599449981604,"m":true,"M":true}
{"e":"trade","E":1599449982078,"s":"BTCUSDT","t":408142773,"p":"10212.47000000","q":"0.00113100","b":3148039706,"a":3148039542,"T":1599449982077,"m":false,"M":true}
{"e":"trade","E":1599449982103,"s":"BTCUSDT","t":408142774,"p":"10212.55000000","q":"0.03384300","b":3148039709,"a":3148039710,"T":1599449982102,"m":true,"M":true}
{"e":"trade","E":1599449982108,"s":"BTCUSDT","t":408142775,"p":"10212.55000000","q":"0.10228200","b":3148039709,"a":3148039715,"T":1599449982106,"m":true,"M":true}
{"e":"trade","E":1599449982242,"s":"BTCUSDT","t":408142776,"p":"10212.55000000","q":"0.00999300","b":3148039709,"a":3148039735,"T":1599449982241,"m":true,"M":true}
{"e":"trade","E":1599449982739,"s":"ETHUSDT","t":184475061,"p":"348.56000000","q":"0.41345000","b":1684962266,"a":1684962095,"T":1599449982738,"m":false,"M":true}
{"e":"trade","E":1599449984051,"s":"BTCUSDT","t":408142777,"p":"10212.56000000","q":"0.00144700","b":3148039814,"a":3148039520,"T":1599449984050,"m":false,"M":true}
{"e":"trade","E":1599449985468,"s":"ETHUSDT","t":184475062,"p":"348.56000000","q":"1.89668000","b":1684962373,"a":1684962098,"T":1599449985467,"m":false,"M":true}
{"e":"trade","E":1599449986241,"s":"BTCUSDT","t":408142778,"p":"10212.56000000","q":"0.00684600","b":3148039886,"a":3148039520,"T":1599449986240,"m":false,"M":true}
{"e":"trade","E":1599449986305,"s":"ETHUSDT","t":184475063,"p":"348.56000000","q":"1.00000000","b":1684962423,"a":1684962098,"T":1599449986304,"m":false,"M":true}
{"e":"trade","E":1599449986500,"s":"ETHUSDT","t":184475064,"p":"348.56000000","q":"0.03343000","b":1684962425,"a":1684962098,"T":1599449986498,"m":false,"M":true}
{"e":"trade","E":1599449986807,"s":"BTCUSDT","t":408142779,"p":"10212.55000000","q":"0.04663300","b":3148039713,"a":3148039906,"T":1599449986806,"m":true,"M":true}
{"e":"trade","E":1599449987284,"s":"BTCUSDT","t":408142780,"p":"10212.55000000","q":"0.02843700","b":3148039713,"a":3148039943,"T":1599449987283,"m":true,"M":true}
{"e":"trade","E":1599449987317,"s":"ETHUSDT","t":184475065,"p":"348.56000000","q":"0.21333000","b":1684962442,"a":1684962098,"T":1599449987316,"m":false,"M":true}
{"e":"trade","E":1599449988188,"s":"BTCUSDT","t":408142781,"p":"10212.55000000","q":"0.00982700","b":3148039713,"a":3148039971,"T":1599449988187,"m":true,"M":true}
{"e":"trade","E":1599449988188,"s":"BTCUSDT","t":408142782,"p":"10212.55000000","q":"0.00548000","b":3148039718,"a":3148039971,"T":1599449988187,"m":true,"M":true}
{"e":"trade","E":1599449988262,"s":"ETHUSDT","t":184475066,"p":"348.55000000","q":"0.35397000","b":1684962005,"a":1684962476,"T":1599449988261,"m":true,"M":true}
{"e":"trade","E":1599449988391,"s":"ETHUSDT","t":184475067,"p":"348.51000000","q":"8.78776000","b":1684961354,"a":1684962513,"T":1599449988390,"m":true,"M":true}
{"e":"trade","E":1599449988391,"s":"ETHUSDT","t":184475068,"p":"348.51000000","q":"0.13960000","b":1684962253,"a":1684962513,"T":1599449988390,"m":true,"M":true}
{"e":"trade","E":1599449988399,"s":"ETHUSDT","t":184475069,"p":"348.50000000","q":"1.03547000","b":1684961297,"a":1684962521,"T":1599449988398,"m":true,"M":true}
{"e":"trade","E":1599449988399,"s":"ETHUSDT","t":184475070,"p":"348.50000000","q":"2.14176000","b":1684961297,"a":1684962522,"T":1599449988398,"m":true,"M":true}
{"e":"trade","E":1599449988400,"s":"ETHUSDT","t":184475071,"p":"348.50000000","q":"2.30166000","b":1684961297,"a":1684962523,"T":1599449988399,"m":true,"M":true}
{"e":"trade","E":1599449988402,"s":"ETHUSDT","t":184475072,"p":"348.50000000","q":"0.54980000","b":1684961297,"a":1684962524,"T":1599449988401,"m":true,"M":true}
{"e":"trade","E":1599449988402,"s":"ETHUSDT","t":184475073,"p":"348.50000000","q":"0.06458000","b":1684961470,"a":1684962524,"T":1599449988401,"m":true,"M":true}
{"e":"trade","E":1599449988402,"s":"ETHUSDT","t":184475074,"p":"348.50000000","q":"3.00000000","b":1684961686,"a":1684962524,"T":1599449988401,"m":true,"M":true}
{"e":"trade","E":1599449988402,"s":"ETHUSDT","t":184475075,"p":"348.50000000","q":"0.29293000","b":1684961754,"a":1684962524,"T":1599449988401,"m":true,"M":true}
{"e":"trade","E":1599449988402,"s":"ETHUSDT","t":184475076,"p":"348.50000000","q":"3.00000000","b":1684962246,"a":1684962524,"T":1599449988401,"m":true,"M":true}
{"e":"trade","E":1599449988405,"s":"ETHUSDT","t":184475077,"p":"348.47000000","q":"5.12736000","b":1684961473,"a":1684962530,"T":1599449988404,"m":true,"M":true}
{"e":"trade","E":1599449988405,"s":"ETHUSDT","t":184475078,"p":"348.47000000","q":"0.42812000","b":1684961473,"a":1684962532,"T":1599449988404,"m":true,"M":true}
{"e":"trade","E":1599449988405,"s":"ETHUSDT","t":184475079,"p":"348.47000000","q":"0.30351000","b":1684961473,"a":1684962533,"T":1599449988404,"m":true,"M":true}
{"e":"trade","E":1599449988412,"s":"ETHUSDT","t":184475080,"p":"348.46000000","q":"0.97000000","b":1684961033,"a":1684962544,"T":1599449988411,"m":true,"M":true}
{"e":"trade","E":1599449988412,"s":"ETHUSDT","t":184475081,"p":"348.45000000","q":"5.85919000","b":1684962123,"a":1684962544,"T":1599449988411,"m":true,"M":true}
{"e":"trade","E":1599449988415,"s":"ETHUSDT","t":184475082,"p":"348.47000000","q":"2.44317000","b":1684962549,"a":1684962550,"T":1599449988413,"m":true,"M":true}
{"e":"trade","E":1599449988420,"s":"BTCUSDT","t":408142783,"p":"10212.55000000","q":"0.08163600","b":3148039718,"a":3148039982,"T":1599449988418,"m":true,"M":true}
{"e":"trade","E":1599449988420,"s":"BTCUSDT","t":408142784,"p":"10212.55000000","q":"0.00131400","b":3148039786,"a":3148039982,"T":1599449988418,"m":true,"M":true}
{"e":"trade","E":1599449988420,"s":"BTCUSDT","t":408142785,"p":"10212.55000000","q":"0.01705000","b":3148039912,"a":3148039982,"T":1599449988418,"m":true,"M":true}
{"e":"trade","E":1599449988431,"s":"ETHUSDT","t":184475083,"p":"348.43000000","q":"0.28690000","b":1684962571,"a":1684962562,"T":1599449988430,"m":false,"M":true}
{"e":"trade","E":1599449988451,"s":"ETHUSDT","t":184475084,"p":"348.43000000","q":"2.17400000","b":1684962588,"a":1684962562,"T":1599449988450,"m":false,"M":true}
{"e":"trade","E":1599449988466,"s":"BTCUSDT","t":408142786,"p":"10212.55000000","q":"0.07417200","b":3148039912,"a":3148039993,"T":1599449988465,"m":true,"M":true}
{"e":"trade","E":1599449988549,"s":"ETHUSDT","t":184475085,"p":"348.40000000","q":"0.27900000","b":1684962648,"a":1684962627,"T":1599449988548,"m":false,"M":true}
{"e":"trade","E":1599449988568,"s":"BTCUSDT","t":408142787,"p":"10212.55000000","q":"0.00951800","b":3148039912,"a":3148040002,"T":1599449988566,"m":true,"M":true}
{"e":"trade","E":1599449988613,"s":"ETHUSDT","t":184475086,"p":"348.40000000","q":"1.72100000","b":1684962674,"a":1684962627,"T":1599449988612,"m":false,"M":true}
{"e":"trade","E":1599449988613,"s":"ETHUSDT","t":184475087,"p":"348.40000000","q":"1.27900000","b":1684962674,"a":1684962628,"T":1599449988612,"m":false,"M":true}
{"e":"trade","E":1599449988647,"s":"ETHUSDT","t":184475088,"p":"348.40000000","q":"1.08475000","b":1684962691,"a":1684962628,"T":1599449988646,"m":false,"M":true}
{"e":"trade","E":1599449988660,"s":"ETHUSDT","t":184475089,"p":"348.40000000","q":"2.17400000","b":1684962695,"a":1684962628,"T":1599449988659,"m":false,"M":true}
{"e":"trade","E":1599449988661,"s":"ETHUSDT","t":184475090,"p":"348.40000000","q":"0.46225000","b":1684962696,"a":1684962628,"T":1599449988660,"m":false,"M":true}
{"e":"trade","E":1599449988661,"s":"ETHUSDT","t":184475091,"p":"348.40000000","q":"2.53775000","b":1684962696,"a":1684962635,"T":1599449988660,"m":false,"M":true}
{"e":"trade","E":1599449988684,"s":"BTCUSDT","t":408142788,"p":"10212.56000000","q":"0.03530600","b":3148040010,"a":3148039520,"T":1599449988682,"m":false,"M":true}
{"e":"trade","E":1599449988684,"s":"BTCUSDT","t":408142789,"p":"10212.56000000","q":"0.23098200","b":3148040010,"a":3148039987,"T":1599449988682,"m":false,"M":true}
{"e":"trade","E":1599449988804,"s":"BTCUSDT","t":408142790,"p":"10212.51000000","q":"0.01712500","b":3148040039,"a":3148040043,"T":1599449988800,"m":true,"M":true}
{"e":"trade","E":1599449988804,"s":"BTCUSDT","t":408142791,"p":"10212.46000000","q":"0.01711800","b":3148039528,"a":3148040043,"T":1599449988800,"m":true,"M":true}
{"e":"trade","E":1599449988804,"s":"BTCUSDT","t":408142792,"p":"10212.34000000","q":"0.00796700","b":3148040029,"a":3148040043,"T":1599449988800,"m":true,"M":true}
{"e":"trade","E":1599449988813,"s":"BTCUSDT","t":408142793,"p":"10212.34000000","q":"0.00021300","b":3148040029,"a":3148040048,"T":1599449988812,"m":true,"M":true}
{"e":"trade","E":1599449988813,"s":"BTCUSDT","t":408142794,"p":"10212.11000000","q":"0.01415500","b":3148038584,"a":3148040048,"T":1599449988812,"m":true,"M":true}
{"e":"trade","E":1599449988836,"s":"BTCUSDT","t":408142795,"p":"10212.11000000","q":"0.00498100","b":3148038584,"a":3148040063,"T":1599449988834,"m":true,"M":true}
{"e":"trade","E":1599449988836,"s":"BTCUSDT","t":408142796,"p":"10212.05000000","q":"0.04668000","b":3148040035,"a":3148040063,"T":1599449988834,"m":true,"M":true}
{"e":"trade","E":1599449988861,"s":"BTCUSDT","t":408142797,"p":"10212.32000000","q":"0.01077400","b":3148040069,"a":3148040074,"T":1599449988860,"m":true,"M":true}
{"e":"trade","E":1599449988979,"s":"ETHUSDT","t":184475092,"p":"348.40000000","q":"3.00000000","b":1684962767,"a":1684962641,"T":1599449988978,"m":false,"M":true}
{"e":"trade","E":1599449988987,"s":"ETHUSDT","t":184475093,"p":"348.40000000","q":"0.52762000","b":1684962769,"a":1684962641,"T":1599449988986,"m":false,"M":true}
{"e":"trade","E":1599449989008,"s":"ETHUSDT","t":184475094,"p":"348.41000000","q":"1.43520000","b":1684962779,"a":1684962742,"T":1599449989007,"m":false,"M":true}
{"e":"trade","E":1599449989008,"s":"ETHUSDT","t":184475095,"p":"348.41000000","q":"3.21289000","b":1684962780,"a":1684962742,"T":1599449989007,"m":false,"M":true}
{"e":"trade","E":1599449989008,"s":"ETHUSDT","t":184475096,"p":"348.43000000","q":"3.41067000","b":1684962780,"a":1684962711,"T":1599449989007,"m":false,"M":true}
{"e":"trade","E":1599449989008,"s":"ETHUSDT","t":184475097,"p":"348.44000000","q":"0.22941000","b":1684962780,"a":1684962697,"T":1599449989007,"m":false,"M":true}
{"e":"trade","E":1599449989008,"s":"ETHUSDT","t":184475098,"p":"348.44000000","q":"3.77023000","b":1684962780,"a":1684962724,"T":1599449989007,"m":false,"M":true}
{"e":"trade","E":1599449989020,"s":"ETHUSDT","t":184475099,"p":"348.44000000","q":"4.84032000","b":1684962788,"a":1684962724,"T":1599449989019,"m":false,"M":true}
{"e":"trade","E":1599449989020,"s":"ETHUSDT","t":184475100,"p":"348.44000000","q":"0.89978000","b":1684962788,"a":1684962782,"T":1599449989019,"m":false,"M":true}
{"e":"trade","E":1599449989023,"s":"ETHUSDT","t":184475101,"p":"348.44000000","q":"1.66600000","b":1684962790,"a":1684962782,"T":1599449989022,"m":false,"M":true}
{"e":"trade","E":1599449989023,"s":"ETHUSDT","t":184475102,"p":"348.46000000","q":"1.33030000","b":1684962790,"a":1684962553,"T":1599449989022,"m":false,"M":true}
{"e":"trade","E":1599449989025,"s":"ETHUSDT","t":184475103,"p":"348.46000000","q":"5.57701000","b":1684962792,"a":1684962553,"T":1599449989024,"m":false,"M":true}
{"e":"trade","E":1599449989025,"s":"ETHUSDT","t":184475104,"p":"348.48000000","q":"0.16359000","b":1684962792,"a":1684962651,"T":1599449989024,"m":false,"M":true}
{"e":"trade","E":1599449989093,"s":"ETHUSDT","t":184475105,"p":"348.45000000","q":"5.00000000","b":1684962798,"a":1684962827,"T":1599449989092,"m":true,"M":true}
{"e":"trade","E":1599449989093,"s":"ETHUSDT","t":184475106,"p":"348.45000000","q":"0.67498000","b":1684962815,"a":1684962827,"T":1599449989092,"m":true,"M":true}
{"e":"trade","E":1599449989189,"s":"BTCUSDT","t":408142798,"p":"10212.32000000","q":"0.00835900","b":3148040069,"a":3148040121,"T":1599449989188,"m":true,"M":true}
{"e":"trade","E":1599449989189,"s":"BTCUSDT","t":408142799,"p":"10212.05000000","q":"0.00827400","b":3148040107,"a":3148040121,"T":1599449989188,"m":true,"M":true}
{"e":"trade","E":1599449989189,"s":"BTCUSDT","t":408142800,"p":"10212.01000000","q":"0.00199700","b":3148040075,"a":3148040121,"T":1599449989188,"m":true,"M":true}
{"e":"trade","E":1599449989199,"s":"ETHUSDT","t":184475107,"p":"348.46000000","q":"0.67500000","b":1684962842,"a":1684962814,"T":1599449989198,"m":false,"M":true}
{"e":"trade","E":1599449989199,"s":"ETHUSDT","t":184475108,"p":"348.49000000","q":"0.22958000","b":1684962842,"a":1684962563,"T":1599449989198,"m":false,"M":true}
{"e":"trade","E":1599449989199,"s":"ETHUSDT","t":184475109,"p":"348.49000000","q":"0.53022000","b":1684962842,"a":1684962837,"T":1599449989198,"m":false,"M":true}
{"e":"trade","E":1599449989212,"s":"ETHUSDT","t":184475110,"p":"348.45000000","q":"2.93678000","b":1684962818,"a":1684962845,"T":1599449989210,"m":true,"M":true}
{"e":"trade","E":1599449989308,"s":"ETHUSDT","t":184475111,"p":"348.45000000","q":"0.29100000","b":1684962818,"a":1684962863,"T":1599449989307,"m":true,"M":true}
{"e":"trade","E":1599449989414,"s":"ETHUSDT","t":184475112,"p":"348.45000000","q":"0.04000000","b":1684962818,"a":1684962876,"T":1599449989413,"m":true,"M":true}
{"e":"trade","E":1599449989506,"s":"ETHUSDT","t":184475113,"p":"348.45000000","q":"3.00000000","b":1684962818,"a":1684962894,"T":1599449989505,"m":true,"M":true}
{"e":"trade","E":1599449990276,"s":"BTCUSDT","t":408142801,"p":"10212.02000000","q":"0.00117300","b":3148040200,"a":3148040142,"T":1599449990275,"m":false,"M":true}
{"e":"trade","E":1599449991527,"s":"BTCUSDT","t":408142802,"p":"10212.18000000","q":"0.00228400","b":3148040341,"a":3148040126,"T":1599449991526,"m":false,"M":true}
{"e":"trade","E":1599449991643,"s":"BTCUSDT","t":408142803,"p":"10212.11000000","q":"0.00133000","b":3148040361,"a":3148040349,"T":1599449991642,"m":false,"M":true}
{"e":"trade","E":1599449991645,"s":"BTCUSDT","t":408142804,"p":"10212.11000000","q":"0.03120400","b":3148040362,"a":3148040349,"T":1599449991644,"m":false,"M":true}
{"e":"trade","E":1599449991701,"s":"BTCUSDT","t":408142805,"p":"10212.11000000","q":"0.01000000","b":3148040363,"a":3148040349,"T":1599449991700,"m":false,"M":true}
{"e":"trade","E":1599449992891,"s":"BTCUSDT","t":408142806,"p":"10212.11000000","q":"0.05869000","b":3148040422,"a":3148040349,"T":1599449992890,"m":false,"M":true}
{"e":"trade","E":1599449993000,"s":"ETHUSDT","t":184475114,"p":"348.41000000","q":"0.05800000","b":1684963122,"a":1684963000,"T":1599449992999,"m":false,"M":true}
{"e":"trade","E":1599449993019,"s":"BTCUSDT","t":408142807,"p":"10212.10000000","q":"0.00197900","b":3148040321,"a":3148040430,"T":1599449993017,"m":true,"M":true}
{"e":"trade","E":1599449993772,"s":"ETHUSDT","t":184475115,"p":"348.41000000","q":"0.46941000","b":1684963141,"a":1684963000,"T":1599449993770,"m":false,"M":true}
{"e":"trade","E":1599449993772,"s":"ETHUSDT","t":184475116,"p":"348.41000000","q":"0.67693000","b":1684963141,"a":1684963001,"T":1599449993770,"m":false,"M":true}
{"e":"trade","E":1599449993772,"s":"ETHUSDT","t":184475117,"p":"348.41000000","q":"1.73816000","b":1684963141,"a":1684963031,"T":1599449993770,"m":false,"M":true}
{"e":"trade","E":1599449993772,"s":"ETHUSDT","t":184475118,"p":"348.41000000","q":"0.07926000","b":1684963141,"a":1684963138,"T":1599449993770,"m":false,"M":true}
{"e":"trade","E":1599449993773,"s":"ETHUSDT","t":184475119,"p":"348.42000000","q":"0.30351000","b":1684963142,"a":1684962996,"T":1599449993772,"m":false,"M":true}
{"e":"trade","E":1599449993783,"s":"ETHUSDT","t":184475120,"p":"348.42000000","q":"0.05318000","b":1684963147,"a":1684962996,"T":1599449993782,"m":false,"M":true}
{"e":"trade","E":1599449993813,"s":"BTCUSDT","t":408142808,"p":"10212.10000000","q":"0.00692600","b":3148040321,"a":3148040456,"T":1599449993812,"m":true,"M":true}
{"e":"trade","E":1599449993864,"s":"ETHUSDT","t":184475121,"p":"348.48000000","q":"5.00000000","b":1684963164,"a":1684963184,"T":1599449993863,"m":true,"M":true}
{"e":"trade","E":1599449993864,"s":"ETHUSDT","t":184475122,"p":"348.48000000","q":"2.00000000","b":1684963169,"a":1684963184,"T":1599449993863,"m":true,"M":true}
{"e":"trade","E":1599449993864,"s":"ETHUSDT","t":184475123,"p":"348.46000000","q":"1.61106000","b":1684963174,"a":1684963184,"T":1599449993863,"m":true,"M":true}
{"e":"trade","E":1599449993974,"s":"ETHUSDT","t":184475124,"p":"348.49000000","q":"2.00000000","b":1684963204,"a":1684963214,"T":1599449993973,"m":true,"M":true}
{"e":"trade","E":1599449993974,"s":"ETHUSDT","t":184475125,"p":"348.49000000","q":"5.00000000","b":1684963208,"a":1684963214,"T":1599449993973,"m":true,"M":true}
{"e":"trade","E":1599449994075,"s":"ETHUSDT","t":184475126,"p":"348.49000000","q":"1.60888000","b":1684963216,"a":1684963230,"T":1599449994074,"m":true,"M":true}
{"e":"trade","E":1599449994376,"s":"BTCUSDT","t":408142809,"p":"10212.17000000","q":"0.00364000","b":3148040489,"a":3148040510,"T":1599449994375,"m":true,"M":true}
{"e":"trade","E":1599449994700,"s":"ETHUSDT","t":184475127,"p":"348.48000000","q":"0.03462000","b":1684963187,"a":1684963273,"T":1599449994699,"m":true,"M":true}
{"e":"trade","E":1599449994811,"s":"ETHUSDT","t":184475128,"p":"348.48000000","q":"0.62552000","b":1684963187,"a":1684963275,"T":1599449994810,"m":true,"M":true}
{"e":"trade","E":1599449994811,"s":"ETHUSDT","t":184475129,"p":"348.48000000","q":"2.12059000","b":1684963197,"a":1684963275,"T":1599449994810,"m":true,"M":true}
{"e":"trade","E":1599449995453,"s":"BTCUSDT","t":408142810,"p":"10212.18000000","q":"0.01687000","b":3148040562,"a":3148040126,"T":1599449995452,"m":false,"M":true}
{"e":"trade","E":1599449995453,"s":"BTCUSDT","t":408142811,"p":"10212.18000000","q":"0.01914100","b":3148040562,"a":3148040211,"T":1599449995452,"m":false,"M":true}
{"e":"trade","E":1599449996087,"s":"BTCUSDT","t":408142812,"p":"10212.18000000","q":"0.00001300","b":3148040602,"a":3148040211,"T":1599449996085,"m":false,"M":true}
{"e":"trade","E":1599449996087,"s":"BTCUSDT","t":408142813,"p":"10212.18000000","q":"0.22594000","b":3148040602,"a":3148040597,"T":1599449996085,"m":false,"M":true}
{"e":"trade","E":1599449996184,"s":"BTCUSDT","t":408142814,"p":"10212.18000000","q":"0.00482800","b":3148040614,"a":3148040597,"T":1599449996182,"m":false,"M":true}
{"e":"trade","E":1599449996409,"s":"ETHUSDT","t":184475130,"p":"348.45000000","q":"1.53493000","b":1684963319,"a":1684963330,"T":1599449996408,"m":true,"M":true}
{"e":"trade","E":1599449996490,"s":"BTCUSDT","t":408142815,"p":"10212.18000000","q":"1.76923200","b":3148040636,"a":3148040597,"T":1599449996488,"m":false,"M":true}
{"e":"trade","E":1599449996490,"s":"BTCUSDT","t":408142816,"p":"10212.18000000","q":"0.02557200","b":3148040636,"a":3148040604,"T":1599449996488,"m":false,"M":true}
{"e":"trade","E":1599449996582,"s":"BTCUSDT","t":408142817,"p":"10212.18000000","q":"0.05105800","b":3148040650,"a":3148040651,"T":1599449996581,"m":true,"M":true}
{"e":"trade","E":1599449996682,"s":"BTCUSDT","t":408142818,"p":"10212.43000000","q":"0.07240800","b":3148040653,"a":3148040673,"T":1599449996681,"m":true,"M":true}
{"e":"trade","E":1599449996705,"s":"BTCUSDT","t":408142819,"p":"10212.43000000","q":"0.01868100","b":3148040653,"a":3148040675,"T":1599449996703,"m":true,"M":true}
{"e":"trade","E":1599449997133,"s":"ETHUSDT","t":184475131,"p":"348.48000000","q":"4.38276000","b":1684963359,"a":1684963347,"T":1599449997132,"m":false,"M":true}
{"e":"trade","E":1599449997133,"s":"ETHUSDT","t":184475132,"p":"348.48000000","q":"0.70939000","b":1684963359,"a":1684963351,"T":1599449997132,"m":false,"M":true}
{"e":"trade","E":1599449997133,"s":"ETHUSDT","t":184475133,"p":"348.49000000","q":"12.49394000","b":1684963359,"a":1684963305,"T":1599449997132,"m":false,"M":true}
{"e":"trade","E":1599449997789,"s":"BTCUSDT","t":408142820,"p":"10212.37000000","q":"0.01913300","b":3148040754,"a":3148040761,"T":1599449997788,"m":true,"M":true}
{"e":"trade","E":1599449997789,"s":"BTCUSDT","t":408142821,"p":"10212.30000000","q":"0.01908500","b":3148040668,"a":3148040761,"T":1599449997788,"m":true,"M":true}
{"e":"trade","E":1599449997789,"s":"BTCUSDT","t":408142822,"p":"10212.22000000","q":"0.00812800","b":3148040700,"a":3148040761,"T":1599449997788,"m":true,"M":true}
{"e":"trade","E":1599449997789,"s":"BTCUSDT","t":408142823,"p":"10212.17000000","q":"0.00131500","b":3148040555,"a":3148040761,"T":1599449997788,"m":true,"M":true}
{"e":"trade","E":1599449997789,"s":"BTCUSDT","t":408142824,"p":"10212.09000000","q":"0.01383500","b":3148040206,"a":3148040761,"T":1599449997788,"m":true,"M":true}
{"e":"trade","E":1599449998463,"s":"BTCUSDT","t":408142825,"p":"10212.09000000","q":"0.00107900","b":3148040206,"a":3148040828,"T":1599449998461,"m":true,"M":true}
{"e":"trade","E":1599449998519,"s":"BTCUSDT","t":408142826,"p":"10212.10000000","q":"0.00108100","b":3148040830,"a":3148040784,"T":1599449998518,"m":false,"M":true}
{"e":"trade","E":1599449999035,"s":"BTCUSDT","t":408142827,"p":"10212.10000000","q":"0.05086400","b":3148040837,"a":3148040794,"T":1599449999034,"m":false,"M":true}
{"e":"trade","E":1599449999053,"s":"BTCUSDT","t":408142828,"p":"10212.09000000","q":"0.00424000","b":3148040206,"a":3148040839,"T":1599449999052,"m":true,"M":true}
{"e":"trade","E":1599449999053,"s":"BTCUSDT","t":408142829,"p":"10212.02000000","q":"0.03636800","b":3148040209,"a":3148040839,"T":1599449999052,"m":true,"M":true}
{"e":"trade","E":1599449999631,"s":"BTCUSDT","t":408142830,"p":"10212.02000000","q":"0.04548100","b":3148040209,"a":3148040876,"T":1599449999630,"m":true,"M":true}
{"e":"trade","E":1599450001073,"s":"ETHUSDT","t":184475134,"p":"348.45000000","q":"0.10000000","b":1684963489,"a":1684963430,"T":1599450001072,"m":false,"M":true}
{"e":"trade","E":1599450001078,"s":"ETHUSDT","t":184475135,"p":"348.45000000","q":"0.70000000","b":1684963490,"a":1684963430,"T":1599450001076,"m":false,"M":true}
{"e":"trade","E":1599450001113,"s":"BTCUSDT","t":408142831,"p":"10212.02000000","q":"0.01764300","b":3148040209,"a":3148040910,"T":1599450001112,"m":true,"M":true}
{"e":"trade","E":1599450001201,"s":"BTCUSDT","t":408142832,"p":"10212.03000000","q":"0.13781000","b":3148040914,"a":3148040846,"T":1599450001200,"m":false,"M":true}
{"e":"trade","E":1599450001201,"s":"BTCUSDT","t":408142833,"p":"10212.03000000","q":"0.09241400","b":3148040914,"a":3148040912,"T":1599450001200,"m":false,"M":true}
{"e":"trade","E":1599450001241,"s":"BTCUSDT","t":408142834,"p":"10212.02000000","q":"0.02100500","b":3148040209,"a":3148040918,"T":1599450001240,"m":true,"M":true}
{"e":"trade","E":1599450001608,"s":"BTCUSDT","t":408142835,"p":"10212.02000000","q":"0.08670400","b":3148040209,"a":3148040929,"T":1599450001604,"m":true,"M":true}
{"e":"trade","E":1599450001634,"s":"BTCUSDT","t":408142836,"p":"10212.02000000","q":"0.00414300","b":3148040209,"a":3148040932,"T":1599450001633,"m":true,"M":true}
{"e":"trade","E":1599450001723,"s":"BTCUSDT","t":408142837,"p":"10212.02000000","q":"0.00241600","b":3148040209,"a":3148040937,"T":1599450001722,"m":true,"M":true}
{"e":"trade","E":1599450001994,"s":"ETHUSDT","t":184475136,"p":"348.45000000","q":"0.63400000","b":1684963519,"a":1684963430,"T":1599450001993,"m":false,"M":true}
{"e":"trade","E":1599450002012,"s":"BTCUSDT","t":408142838,"p":"10212.02000000","q":"0.02163300","b":3148040209,"a":3148040950,"T":1599450002011,"m":true,"M":true}
{"e":"trade","E":1599450002453,"s":"BTCUSDT","t":408142839,"p":"10212.02000000","q":"0.02826600","b":3148040209,"a":3148040966,"T":1599450002452,"m":true,"M":true}
{"e":"trade","E":1599450002744,"s":"BTCUSDT","t":408142840,"p":"10212.03000000","q":"0.02639100","b":3148040974,"a":3148040912,"T":1599450002743,"m":false,"M":true}
{"e":"trade","E":1599450002782,"s":"BTCUSDT","t":408142841,"p":"10212.02000000","q":"0.01166200","b":3148040209,"a":3148040975,"T":1599450002781,"m":true,"M":true}
{"e":"trade","E":1599450002852,"s":"BTCUSDT","t":408142842,"p":"10212.03000000","q":"0.03643800","b":3148040982,"a":3148040912,"T":1599450002851,"m":false,"M":true}
{"e":"trade","E":1599450002896,"s":"ETHUSDT","t":184475137,"p":"348.45000000","q":"0.00083000","b":1684963547,"a":1684963430,"T":1599450002895,"m":false,"M":true}
{"e":"trade","E":1599450002896,"s":"ETHUSDT","t":184475138,"p":"348.47000000","q":"0.03255000","b":1684963547,"a":1684963526,"T":1599450002895,"m":false,"M":true}
{"e":"trade","E":1599450002929,"s":"BTCUSDT","t":408142843,"p":"10212.03000000","q":"0.02112700","b":3148040988,"a":3148040912,"T":1599450002922,"m":false,"M":true}
{"e":"trade","E":1599450002929,"s":"BTCUSDT","t":408142844,"p":"10212.03000000","q":"0.06421500","b":3148040988,"a":3148040915,"T":1599450002922,"m":false,"M":true}
{"e":"trade","E":1599450002929,"s":"BTCUSDT","t":408142845,"p":"10212.03000000","q":"0.07176100","b":3148040988,"a":3148040920,"T":1599450002922,"m":false,"M":true}
{"e":"trade","E":1599450002952,"s":"BTCUSDT","t":408142846,"p":"10212.02000000","q":"0.15706600","b":3148040209,"a":3148040991,"T":1599450002950,"m":true,"M":true}
{"e":"trade","E":1599450002973,"s":"BTCUSDT","t":408142847,"p":"10212.03000000","q":"0.02963000","b":3148040994,"a":3148040920,"T":1599450002971,"m":false,"M":true}
{"e":"trade","E":1599450002996,"s":"BTCUSDT","t":408142848,"p":"10212.03000000","q":"0.04508600","b":3148040996,"a":3148040920,"T":1599450002995,"m":false,"M":true}
{"e":"trade","E":1599450002996,"s":"BTCUSDT","t":408142849,"p":"10212.03000000","q":"0.11179300","b":3148040996,"a":3148040951,"T":1599450002995,"m":false,"M":true}
{"e":"trade","E":1599450003075,"s":"BTCUSDT","t":408142850,"p":"10212.03000000","q":"0.03643800","b":3148041002,"a":3148040951,"T":1599450003073,"m":false,"M":true}
{"e":"trade","E":1599450003180,"s":"BTCUSDT","t":408142851,"p":"10212.03000000","q":"0.01416800","b":3148041010,"a":3148040951,"T":1599450003178,"m":false,"M":true}
{"e":"trade","E":1599450003818,"s":"BTCUSDT","t":408142852,"p":"10212.02000000","q":"0.01053500","b":3148040209,"a":3148041027,"T":1599450003817,"m":true,"M":true}
{"e":"trade","E":1599450004764,"s":"BTCUSDT","t":408142853,"p":"10212.03000000","q":"0.00177700","b":3148041059,"a":3148040989,"T":1599450004763,"m":false,"M":true}
{"e":"trade","E":1599450005069,"s":"BTCUSDT","t":408142854,"p":"10212.03000000","q":"0.01173400","b":3148041070,"a":3148040989,"T":1599450005068,"m":false,"M":true}
{"e":"trade","E":1599450005282,"s":"BTCUSDT","t":408142855,"p":"10212.03000000","q":"0.01173400","b":3148041076,"a":3148040989,"T":1599450005281,"m":false,"M":true}
{"e":"trade","E":1599450005656,"s":"ETHUSDT","t":184475139,"p":"348.47000000","q":"3.00000000","b":1684963570,"a":1684963645,"T":1599450005655,"m":true,"M":true}
{"e":"trade","E":1599450005726,"s":"ETHUSDT","t":184475140,"p":"348.46000000","q":"1.20000000","b":1684963553,"a":1684963671,"T":1599450005724,"m":true,"M":true}
{"e":"trade","E":1599450005733,"s":"BTCUSDT","t":408142856,"p":"10212.02000000","q":"0.00214800","b":3148040209,"a":3148041097,"T":1599450005732,"m":true,"M":true}
{"e":"trade","E":1599450005788,"s":"ETHUSDT","t":184475141,"p":"348.46000000","q":"0.23400000","b":1684963553,"a":1684963695,"T":1599450005786,"m":true,"M":true}
{"e":"trade","E":1599450005788,"s":"ETHUSDT","t":184475142,"p":"348.44000000","q":"0.13527000","b":1684963584,"a":1684963695,"T":1599450005786,"m":true,"M":true}
{"e":"trade","E":1599450005841,"s":"BTCUSDT","t":408142857,"p":"10212.02000000","q":"0.00442300","b":3148040209,"a":3148041105,"T":1599450005840,"m":true,"M":true}
{"e":"trade","E":1599450005922,"s":"ETHUSDT","t":184475143,"p":"348.43000000","q":"1.99200000","b":1684963743,"a":1684963699,"T":1599450005921,"m":false,"M":true}
{"e":"trade","E":1599450005952,"s":"BTCUSDT","t":408142858,"p":"10212.02000000","q":"0.06796600","b":3148040209,"a":3148041109,"T":1599450005951,"m":true,"M":true}
{"e":"trade","E":1599450006021,"s":"ETHUSDT","t":184475144,"p":"348.43000000","q":"3.00800000","b":1684963760,"a":1684963699,"T":1599450006020,"m":false,"M":true}
{"e":"trade","E":1599450006021,"s":"ETHUSDT","t":184475145,"p":"348.43000000","q":"2.00000000","b":1684963760,"a":1684963700,"T":1599450006020,"m":false,"M":true}
{"e":"trade","E":1599450006021,"s":"ETHUSDT","t":184475146,"p":"348.43000000","q":"3.10387000","b":1684963760,"a":1684963723,"T":1599450006020,"m":false,"M":true}
{"e":"trade","E":1599450006021,"s":"ETHUSDT","t":184475147,"p":"348.43000000","q":"4.15622000","b":1684963760,"a":1684963732,"T":1599450006020,"m":false,"M":true}
{"e":"trade","E":1599450006021,"s":"ETHUSDT","t":184475148,"p":"348.43000000","q":"1.64891000","b":1684963760,"a":1684963734,"T":1599450006020,"m":false,"M":true}
{"e":"trade","E":1599450006045,"s":"BTCUSDT","t":408142859,"p":"10212.02000000","q":"0.47484200","b":3148040209,"a":3148041119,"T":1599450006044,"m":true,"M":true}
{"e":"trade","E":1599450006243,"s":"BTCUSDT","t":408142860,"p":"10212.02000000","q":"0.69696300","b":3148040209,"a":3148041130,"T":1599450006241,"m":true,"M":true}
{"e":"trade","E":1599450006243,"s":"BTCUSDT","t":408142861,"p":"10212.01000000","q":"0.01915400","b":3148040133,"a":3148041130,"T":1599450006241,"m":true,"M":true}
{"e":"trade","E":1599450006243,"s":"BTCUSDT","t":408142862,"p":"10212.00000000","q":"1.04180700","b":3148038885,"a":3148041130,"T":1599450006241,"m":true,"M":true}
{"e":"trade","E":1599450006243,"s":"BTCUSDT","t":408142863,"p":"10211.68000000","q":"0.00446800","b":3148038658,"a":3148041130,"T":1599450006241,"m":true,"M":true}
{"e":"trade","E":1599450006243,"s":"BTCUSDT","t":408142864,"p":"10211.66000000","q":"0.04280600","b":3148040776,"a":3148041130,"T":1599450006241,"m":true,"M":true}
{"e":"trade","E":1599450006243,"s":"BTCUSDT","t":408142865,"p":"10211.60000000","q":"0.00683200","b":3148040817,"a":3148041130,"T":1599450006241,"m":true,"M":true}
{"e":"trade","E":1599450006243,"s":"BTCUSDT","t":408142866,"p":"10211.51000000","q":"0.01895200","b":3148040856,"a":3148041130,"T":1599450006241,"m":true,"M":true}
{"e":"trade","E":1599450006243,"s":"BTCUSDT","t":408142867,"p":"10211.46000000","q":"0.01911700","b":3148038262,"a":3148041130,"T":1599450006241,"m":true,"M":true}
{"e":"trade","E":1599450006243,"s":"BTCUSDT","t":408142868,"p":"10211.30000000","q":"0.01608900","b":3148037999,"a":3148041130,"T":1599450006241,"m":true,"M":true}
{"e":"trade","E":1599450006243,"s":"BTCUSDT","t":408142869,"p":"10211.30000000","q":"0.00103800","b":3148038081,"a":3148041130,"T":1599450006241,"m":true,"M":true}
{"e":"trade","E":1599450006243,"s":"BTCUSDT","t":408142870,"p":"10211.03000000","q":"0.01863300","b":3148037927,"a":3148041130,"T":1599450006241,"m":true,"M":true}
{"e":"trade","E":1599450006243,"s":"BTCUSDT","t":408142871,"p":"10211.00000000","q":"0.00117500","b":3148040677,"a":3148041130,"T":1599450006241,"m":true,"M":true}
{"e":"trade","E":1599450006243,"s":"BTCUSDT","t":408142872,"p":"10210.61000000","q":"0.01894800","b":3148037355,"a":3148041130,"T":1599450006241,"m":true,"M":true}
{"e":"trade","E":1599450006243,"s":"BTCUSDT","t":408142873,"p":"10210.30000000","q":"0.21161800","b":3148040735,"a":3148041130,"T":1599450006241,"m":true,"M":true}
{"e":"trade","E":1599450006359,"s":"BTCUSDT","t":408142874,"p":"10211.17000000","q":"0.01913300","b":3148041215,"a":3148041141,"T":1599450006358,"m":false,"M":true}
{"e":"trade","E":1599450006359,"s":"BTCUSDT","t":408142875,"p":"10211.17000000","q":"0.00493000","b":3148041215,"a":3148041173,"T":1599450006358,"m":false,"M":true}
{"e":"trade","E":1599450006477,"s":"BTCUSDT","t":408142876,"p":"10211.17000000","q":"0.01966500","b":3148041258,"a":3148041173,"T":1599450006476,"m":false,"M":true}
{"e":"trade","E":1599450006477,"s":"BTCUSDT","t":408142877,"p":"10211.17000000","q":"0.02636300","b":3148041258,"a":3148041174,"T":1599450006476,"m":false,"M":true}
{"e":"trade","E":1599450006696,"s":"BTCUSDT","t":408142878,"p":"10211.17000000","q":"0.00107600","b":3148041311,"a":3148041174,"T":1599450006694,"m":false,"M":true}
{"e":"trade","E":1599450006801,"s":"ETHUSDT","t":184475149,"p":"348.43000000","q":"2.00000000","b":1684963853,"a":1684963824,"T":1599450006800,"m":false,"M":true}
{"e":"trade","E":1599450006801,"s":"ETHUSDT","t":184475150,"p":"348.43000000","q":"0.89465000","b":1684963853,"a":1684963825,"T":1599450006800,"m":false,"M":true}
{"e":"trade","E":1599450007536,"s":"BTCUSDT","t":408142879,"p":"10211.16000000","q":"0.01000000","b":3148041152,"a":3148041377,"T":1599450007535,"m":true,"M":true}
{"e":"trade","E":1599450007604,"s":"BTCUSDT","t":408142880,"p":"10211.16000000","q":"0.00913300","b":3148041152,"a":3148041379,"T":1599450007602,"m":true,"M":true}
{"e":"trade","E":1599450008136,"s":"BTCUSDT","t":408142881,"p":"10210.31000000","q":"0.01844500","b":3148041138,"a":3148041445,"T":1599450008135,"m":true,"M":true}
{"e":"trade","E":1599450008675,"s":"ETHUSDT","t":184475151,"p":"348.42000000","q":"0.17216000","b":1684963163,"a":1684963929,"T":1599450008674,"m":true,"M":true}
{"e":"trade","E":1599450008814,"s":"BTCUSDT","t":408142882,"p":"10210.31000000","q":"0.04674500","b":3148041138,"a":3148041474,"T":1599450008811,"m":true,"M":true}
{"e":"trade","E":1599450008828,"s":"BTCUSDT","t":408142883,"p":"10210.31000000","q":"0.03461500","b":3148041138,"a":3148041475,"T":1599450008820,"m":true,"M":true}
{"e":"trade","E":1599450008828,"s":"BTCUSDT","t":408142884,"p":"10210.31000000","q":"0.00195800","b":3148041154,"a":3148041475,"T":1599450008820,"m":true,"M":true}
{"e":"trade","E":1599450008828,"s":"BTCUSDT","t":408142885,"p":"10210.31000000","q":"0.01462100","b":3148041400,"a":3148041475,"T":1599450008820,"m":true,"M":true}
{"e":"trade","E":1599450009401,"s":"ETHUSDT","t":184475152,"p":"348.40000000","q":"3.00000000","b":1684962817,"a":1684963980,"T":1599450009399,"m":true,"M":true}
{"e":"trade","E":1599450009401,"s":"ETHUSDT","t":184475153,"p":"348.40000000","q":"3.00000000","b":1684962956,"a":1684963980,"T":1599450009399,"m":true,"M":true}
{"e":"trade","E":1599450009415,"s":"ETHUSDT","t":184475154,"p":"348.40000000","q":"0.66014000","b":1684963304,"a":1684963983,"T":1599450009413,"m":true,"M":true}
{"e":"trade","E":1599450009430,"s":"ETHUSDT","t":184475155,"p":"348.40000000","q":"6.17556000","b":1684963304,"a":1684963988,"T":1599450009429,"m":true,"M":true}
{"e":"trade","E":1599450009448,"s":"ETHUSDT","t":184475156,"p":"348.39000000","q":"7.99999000","b":1684961317,"a":1684963998,"T":1599450009447,"m":true,"M":true}
{"e":"trade","E":1599450009457,"s":"ETHUSDT","t":184475157,"p":"348.39000000","q":"0.00001000","b":1684961317,"a":1684963999,"T":1599450009456,"m":true,"M":true}
{"e":"trade","E":1599450009485,"s":"ETHUSDT","t":184475158,"p":"348.33000000","q":"0.71600000","b":1684964017,"a":1684964001,"T":1599450009483,"m":false,"M":true}
{"e":"trade","E":1599450009500,"s":"BTCUSDT","t":408142886,"p":"10210.31000000","q":"0.00444000","b":3148041400,"a":3148041500,"T":1599450009499,"m":true,"M":true}
{"e":"trade","E":1599450009500,"s":"BTCUSDT","t":408142887,"p":"10210.31000000","q":"0.00102800","b":3148041470,"a":3148041500,"T":1599450009499,"m":true,"M":true}
{"e":"trade","E":1599450009500,"s":"BTCUSDT","t":408142888,"p":"10210.31000000","q":"0.01895900","b":3148041484,"a":3148041500,"T":1599450009499,"m":true,"M":true}
{"e":"trade","E":1599450009573,"s":"ETHUSDT","t":184475159,"p":"348.32000000","q":"0.03030000","b":1684964039,"a":1684964030,"T":1599450009572,"m":false,"M":true}
{"e":"trade","E":1599450009573,"s":"ETHUSDT","t":184475160,"p":"348.33000000","q":"0.03030000","b":1684964039,"a":1684964010,"T":1599450009572,"m":false,"M":true}
{"e":"trade","E":1599450009573,"s":"ETHUSDT","t":184475161,"p":"348.33000000","q":"2.93940000","b":1684964039,"a":1684964015,"T":1599450009572,"m":false,"M":true}
{"e":"trade","E":1599450009615,"s":"ETHUSDT","t":184475162,"p":"348.31000000","q":"3.00000000","b":1684964051,"a":1684964041,"T":1599450009614,"m":false,"M":true}
{"e":"trade","E":1599450009708,"s":"ETHUSDT","t":184475163,"p":"348.31000000","q":"0.99000000","b":1684964067,"a":1684964041,"T":1599450009707,"m":false,"M":true}
{"e":"trade","E":1599450009888,"s":"BTCUSDT","t":408142889,"p":"10210.32000000","q":"0.08711600","b":3148041509,"a":3148041478,"T":1599450009887,"m":false,"M":true}
{"e":"trade","E":1599450009888,"s":"BTCUSDT","t":408142890,"p":"10210.32000000","q":"0.01031900","b":3148041509,"a":3148041479,"T":1599450009887,"m":false,"M":true}
{"e":"trade","E":1599450010561,"s":"BTCUSDT","t":408142891,"p":"10210.32000000","q":"0.00512400","b":3148041528,"a":3148041479,"T":1599450010559,"m":false,"M":true}
{"e":"trade","E":1599450011030,"s":"ETHUSDT","t":184475164,"p":"348.34000000","q":"4.92070000","b":1684964172,"a":1684964123,"T":1599450011028,"m":false,"M":true}
{"e":"trade","E":1599450011151,"s":"ETHUSDT","t":184475165,"p":"348.34000000","q":"0.03336000","b":1684964179,"a":1684964123,"T":1599450011150,"m":false,"M":true}
{"e":"trade","E":1599450011293,"s":"ETHUSDT","t":184475166,"p":"348.34000000","q":"2.40000000","b":1684964180,"a":1684964123,"T":1599450011292,"m":false,"M":true}
{"e":"trade","E":1599450011821,"s":"ETHUSDT","t":184475167,"p":"348.35000000","q":"0.09950000","b":1684964195,"a":1684964204,"T":1599450011819,"m":true,"M":true}
{"e":"trade","E":1599450012024,"s":"BTCUSDT","t":408142892,"p":"10210.32000000","q":"0.07167300","b":3148041556,"a":3148041479,"T":1599450012023,"m":false,"M":true}
{"e":"trade","E":1599450012024,"s":"BTCUSDT","t":408142893,"p":"10210.32000000","q":"0.08711600","b":3148041556,"a":3148041480,"T":1599450012023,"m":false,"M":true}
{"e":"trade","E":1599450012024,"s":"BTCUSDT","t":408142894,"p":"10210.32000000","q":"0.00500000","b":3148041556,"a":3148041496,"T":1599450012023,"m":false,"M":true}
{"e":"trade","E":1599450012024,"s":"BTCUSDT","t":408142895,"p":"10210.32000000","q":"0.20422300","b":3148041556,"a":3148041508,"T":1599450012023,"m":false,"M":true}
{"e":"trade","E":1599450012039,"s":"BTCUSDT","t":408142896,"p":"10210.41000000","q":"0.01900600","b":3148041560,"a":3148041557,"T":1599450012037,"m":false,"M":true}
{"e":"trade","E":1599450012138,"s":"BTCUSDT","t":408142897,"p":"10210.41000000","q":"0.02161700","b":3148041560,"a":3148041570,"T":1599450012136,"m":true,"M":true}
{"e":"trade","E":1599450012761,"s":"BTCUSDT","t":408142898,"p":"10210.41000000","q":"0.00262500","b":3148041560,"a":3148041587,"T":1599450012757,"m":true,"M":true}
{"e":"trade","E":1599450012761,"s":"BTCUSDT","t":408142899,"p":"10210.41000000","q":"0.03359800","b":3148041561,"a":3148041587,"T":1599450012757,"m":true,"M":true}
{"e":"trade","E":1599450013348,"s":"ETHUSDT","t":184475168,"p":"348.33000000","q":"1.74236000","b":1684964173,"a":1684964259,"T":1599450013347,"m":true,"M":true}
{"e":"trade","E":1599450013348,"s":"ETHUSDT","t":184475169,"p":"348.30000000","q":"0.22939000","b":1684964106,"a":1684964259,"T":1599450013347,"m":true,"M":true}
{"e":"trade","E":1599450013349,"s":"BTCUSDT","t":408142900,"p":"10210.41000000","q":"0.05351800","b":3148041561,"a":3148041617,"T":1599450013348,"m":true,"M":true}
{"e":"trade","E":1599450013349,"s":"BTCUSDT","t":408142901,"p":"10210.41000000","q":"0.10950000","b":3148041589,"a":3148041617,"T":1599450013348,"m":true,"M":true}
{"e":"trade","E":1599450013349,"s":"BTCUSDT","t":408142902,"p":"10210.40000000","q":"0.08683400","b":3148041562,"a":3148041617,"T":1599450013348,"m":true,"M":true}
{"e":"trade","E":1599450013349,"s":"BTCUSDT","t":408142903,"p":"10210.31000000","q":"0.00001000","b":3148041484,"a":3148041617,"T":1599450013348,"m":true,"M":true}
{"e":"trade","E":1599450013349,"s":"BTCUSDT","t":408142904,"p":"10209.97000000","q":"0.03693900","b":3148041568,"a":3148041617,"T":1599450013348,"m":true,"M":true}
{"e":"trade","E":1599450013354,"s":"ETHUSDT","t":184475170,"p":"348.30000000","q":"2.50000000","b":1684964106,"a":1684964261,"T":1599450013353,"m":true,"M":true}
{"e":"trade","E":1599450013359,"s":"ETHUSDT","t":184475171,"p":"348.30000000","q":"0.27061000","b":1684964106,"a":1684964266,"T":1599450013357,"m":true,"M":true}
{"e":"trade","E":1599450013359,"s":"ETHUSDT","t":184475172,"p":"348.30000000","q":"3.00000000","b":1684964135,"a":1684964266,"T":1599450013357,"m":true,"M":true}
{"e":"trade","E":1599450013359,"s":"ETHUSDT","t":184475173,"p":"348.30000000","q":"0.13607000","b":1684964223,"a":1684964266,"T":1599450013357,"m":true,"M":true}
{"e":"trade","E":1599450013364,"s":"ETHUSDT","t":184475174,"p":"348.27000000","q":"2.22183000","b":1684964268,"a":1684964273,"T":1599450013362,"m":true,"M":true}
{"e":"trade","E":1599450013367,"s":"ETHUSDT","t":184475175,"p":"348.26000000","q":"0.05774000","b":1684963858,"a":1684964277,"T":1599450013366,"m":true,"M":true}
{"e":"trade","E":1599450013368,"s":"ETHUSDT","t":184475176,"p":"348.26000000","q":"1.85640000","b":1684963858,"a":1684964278,"T":1599450013367,"m":true,"M":true}
{"e":"trade","E":1599450013371,"s":"ETHUSDT","t":184475177,"p":"348.26000000","q":"1.74236000","b":1684963858,"a":1684964283,"T":1599450013370,"m":true,"M":true}
{"e":"trade","E":1599450013374,"s":"ETHUSDT","t":184475178,"p":"348.26000000","q":"0.69993000","b":1684963858,"a":1684964285,"T":1599450013372,"m":true,"M":true}
{"e":"trade","E":1599450013385,"s":"BTCUSDT","t":408142905,"p":"10209.71000000","q":"0.05982200","b":3148037322,"a":3148041635,"T":1599450013383,"m":true,"M":true}
{"e":"trade","E":1599450013385,"s":"BTCUSDT","t":408142906,"p":"10209.71000000","q":"0.10225200","b":3148037537,"a":3148041635,"T":1599450013383,"m":true,"M":true}
{"e":"trade","E":1599450013385,"s":"BTCUSDT","t":408142907,"p":"10209.71000000","q":"0.10129300","b":3148037556,"a":3148041635,"T":1599450013383,"m":true,"M":true}
{"e":"trade","E":1599450013385,"s":"BTCUSDT","t":408142908,"p":"10209.71000000","q":"0.10178700","b":3148037782,"a":3148041635,"T":1599450013383,"m":true,"M":true}
{"e":"trade","E":1599450013385,"s":"BTCUSDT","t":408142909,"p":"10209.71000000","q":"0.10222800","b":3148037978,"a":3148041635,"T":1599450013383,"m":true,"M":true}
{"e":"trade","E":1599450013385,"s":"BTCUSDT","t":408142910,"p":"10209.71000000","q":"0.09742200","b":3148038475,"a":3148041635,"T":1599450013383,"m":true,"M":true}
{"e":"trade","E":1599450013385,"s":"BTCUSDT","t":408142911,"p":"10209.71000000","q":"0.00436600","b":3148038481,"a":3148041635,"T":1599450013383,"m":true,"M":true}
{"e":"trade","E":1599450013385,"s":"BTCUSDT","t":408142912,"p":"10209.71000000","q":"0.03391300","b":3148038835,"a":3148041635,"T":1599450013383,"m":true,"M":true}
{"e":"trade","E":1599450013385,"s":"BTCUSDT","t":408142913,"p":"10209.71000000","q":"0.20456000","b":3148039432,"a":3148041635,"T":1599450013383,"m":true,"M":true}
{"e":"trade","E":1599450013385,"s":"BTCUSDT","t":408142914,"p":"10209.71000000","q":"0.20448700","b":3148040137,"a":3148041635,"T":1599450013383,"m":true,"M":true}
{"e":"trade","E":1599450013386,"s":"BTCUSDT","t":408142915,"p":"10209.71000000","q":"0.00000400","b":3148040137,"a":3148041636,"T":1599450013384,"m":true,"M":true}
{"e":"trade","E":1599450013386,"s":"BTCUSDT","t":408142916,"p":"10209.68000000","q":"0.01894600","b":3148037042,"a":3148041636,"T":1599450013384,"m":true,"M":true}
{"e":"trade","E":1599450013554,"s":"ETHUSDT","t":184475179,"p":"348.25000000","q":"3.00000000","b":1684959682,"a":1684964349,"T":1599450013553,"m":true,"M":true}
{"e":"trade","E":1599450013554,"s":"ETHUSDT","t":184475180,"p":"348.25000000","q":"3.00000000","b":1684964333,"a":1684964349,"T":1599450013553,"m":true,"M":true}
{"e":"trade","E":1599450013574,"s":"ETHUSDT","t":184475181,"p":"348.23000000","q":"3.26800000","b":1684958469,"a":1684964355,"T":1599450013573,"m":true,"M":true}
{"e":"trade","E":1599450013579,"s":"ETHUSDT","t":184475182,"p":"348.24000000","q":"3.00000000","b":1684964359,"a":1684964352,"T":1599450013578,"m":false,"M":true}
{"e":"trade","E":1599450013749,"s":"ETHUSDT","t":184475183,"p":"348.19000000","q":"0.05280000","b":1684964417,"a":1684964386,"T":1599450013748,"m":false,"M":true}
{"e":"trade","E":1599450013753,"s":"BTCUSDT","t":408142917,"p":"10209.69000000","q":"0.01725800","b":3148041698,"a":3148041642,"T":1599450013752,"m":false,"M":true}
{"e":"trade","E":1599450013791,"s":"ETHUSDT","t":184475184,"p":"348.20000000","q":"3.00000000","b":1684964425,"a":1684964423,"T":1599450013788,"m":false,"M":true}
{"e":"trade","E":1599450014635,"s":"ETHUSDT","t":184475185,"p":"348.24000000","q":"0.90053000","b":1684964542,"a":1684964514,"T":1599450014634,"m":false,"M":true}
{"e":"trade","E":1599450014710,"s":"BTCUSDT","t":408142918,"p":"10209.69000000","q":"0.00136000","b":3148041743,"a":3148041642,"T":1599450014709,"m":false,"M":true}
{"e":"trade","E":1599450014902,"s":"BTCUSDT","t":408142919,"p":"10209.69000000","q":"0.00110600","b":3148041755,"a":3148041642,"T":1599450014901,"m":false,"M":true}
{"e":"trade","E":1599450015191,"s":"BTCUSDT","t":408142920,"p":"10209.68000000","q":"0.00000800","b":3148037042,"a":3148041769,"T":1599450015190,"m":true,"M":true}
{"e":"trade","E":1599450016013,"s":"BTCUSDT","t":408142921,"p":"10209.53000000","q":"0.01894500","b":3148041805,"a":3148041772,"T":1599450016012,"m":false,"M":true}
{"e":"trade","E":1599450016013,"s":"BTCUSDT","t":408142922,"p":"10209.53000000","q":"0.03192400","b":3148041805,"a":3148041776,"T":1599450016012,"m":false,"M":true}
{"e":"trade","E":1599450016123,"s":"BTCUSDT","t":408142923,"p":"10209.52000000","q":"0.01894500","b":3148041771,"a":3148041809,"T":1599450016122,"m":true,"M":true}
{"e":"trade","E":1599450016245,"s":"BTCUSDT","t":408142924,"p":"10209.38000000","q":"0.05395300","b":3148041837,"a":3148041815,"T":1599450016244,"m":false,"M":true}
{"e":"trade","E":1599450016343,"s":"BTCUSDT","t":408142925,"p":"10209.38000000","q":"0.01459800","b":3148041844,"a":3148041815,"T":1599450016341,"m":false,"M":true}
{"e":"trade","E":1599450017156,"s":"BTCUSDT","t":408142926,"p":"10209.37000000","q":"0.00342800","b":3148037280,"a":3148041880,"T":1599450017155,"m":true,"M":true}
{"e":"trade","E":1599450017156,"s":"BTCUSDT","t":408142927,"p":"10209.37000000","q":"0.01887400","b":3148041818,"a":3148041880,"T":1599450017155,"m":true,"M":true}
{"e":"trade","E":1599450018337,"s":"BTCUSDT","t":408142928,"p":"10209.36000000","q":"0.01378900","b":3148036462,"a":3148041972,"T":1599450018335,"m":true,"M":true}
{"e":"trade","E":1599450018337,"s":"BTCUSDT","t":408142929,"p":"10208.66000000","q":"0.00621100","b":3148041971,"a":3148041972,"T":1599450018335,"m":true,"M":true}
{"e":"trade","E":1599450018340,"s":"BTCUSDT","t":408142930,"p":"10208.66000000","q":"0.01268200","b":3148041971,"a":3148041975,"T":1599450018339,"m":true,"M":true}
{"e":"trade","E":1599450018340,"s":"BTCUSDT","t":408142931,"p":"10208.45000000","q":"0.00731800","b":3148041962,"a":3148041975,"T":1599450018339,"m":true,"M":true}
{"e":"trade","E":1599450018354,"s":"BTCUSDT","t":408142932,"p":"10208.42000000","q":"0.02000000","b":3148041749,"a":3148041986,"T":1599450018352,"m":true,"M":true}
{"e":"trade","E":1599450018461,"s":"ETHUSDT","t":184475186,"p":"348.24000000","q":"2.49000000","b":1684964640,"a":1684964706,"T":1599450018460,"m":true,"M":true}
{"e":"trade","E":1599450018462,"s":"BTCUSDT","t":408142933,"p":"10208.18000000","q":"0.08493900","b":3148042043,"a":3148042022,"T":1599450018461,"m":false,"M":true}
{"e":"trade","E":1599450018568,"s":"BTCUSDT","t":408142934,"p":"10208.18000000","q":"0.00110200","b":3148042059,"a":3148042022,"T":1599450018567,"m":false,"M":true}
{"e":"trade","E":1599450019336,"s":"ETHUSDT","t":184475187,"p":"348.22000000","q":"0.03436000","b":1684964460,"a":1684964735,"T":1599450019335,"m":true,"M":true}
{"e":"trade","E":1599450020048,"s":"BTCUSDT","t":408142935,"p":"10208.18000000","q":"0.01556900","b":3148042156,"a":3148042024,"T":1599450020047,"m":false,"M":true}
{"e":"trade","E":1599450020532,"s":"ETHUSDT","t":184475188,"p":"348.23000000","q":"5.00000000","b":1684964831,"a":1684964797,"T":1599450020527,"m":false,"M":true}
{"e":"trade","E":1599450020532,"s":"ETHUSDT","t":184475189,"p":"348.23000000","q":"30.00000000","b":1684964831,"a":1684964817,"T":1599450020527,"m":false,"M":true}
{"e":"trade","E":1599450020600,"s":"ETHUSDT","t":184475190,"p":"348.25000000","q":"1.43483000","b":1684964841,"a":1684964668,"T":1599450020597,"m":false,"M":true}
{"e":"trade","E":1599450020600,"s":"ETHUSDT","t":184475191,"p":"348.25000000","q":"0.25318000","b":1684964841,"a":1684964792,"T":1599450020597,"m":false,"M":true}
{"e":"trade","E":1599450021205,"s":"ETHUSDT","t":184475192,"p":"348.22000000","q":"0.12774000","b":1684964460,"a":1684964888,"T":1599450021204,"m":true,"M":true}
{"e":"trade","E":1599450021454,"s":"ETHUSDT","t":184475193,"p":"348.24000000","q":"0.43068000","b":1684964905,"a":1684964855,"T":1599450021453,"m":false,"M":true}
{"e":"trade","E":1599450021795,"s":"ETHUSDT","t":184475194,"p":"348.24000000","q":"0.12060000","b":1684964927,"a":1684964855,"T":1599450021794,"m":false,"M":true}
{"e":"trade","E":1599450022536,"s":"BTCUSDT","t":408142936,"p":"10208.17000000","q":"0.01870900","b":3148034919,"a":3148042237,"T":1599450022535,"m":true,"M":true}
{"e":"trade","E":1599450022536,"s":"BTCUSDT","t":408142937,"p":"10208.17000000","q":"0.00717500","b":3148042040,"a":3148042237,"T":1599450022535,"m":true,"M":true}
{"e":"trade","E":1599450022685,"s":"ETHUSDT","t":184475195,"p":"348.22000000","q":"0.01016000","b":1684964460,"a":1684964960,"T":1599450022684,"m":true,"M":true}
{"e":"trade","E":1599450022685,"s":"ETHUSDT","t":184475196,"p":"348.22000000","q":"2.69994000","b":1684964904,"a":1684964960,"T":1599450022684,"m":true,"M":true}
{"e":"trade","E":1599450022685,"s":"ETHUSDT","t":184475197,"p":"348.22000000","q":"3.43405000","b":1684964908,"a":1684964960,"T":1599450022684,"m":true,"M":true}
{"e":"trade","E":1599450023029,"s":"BTCUSDT","t":408142938,"p":"10208.17000000","q":"0.01169800","b":3148042040,"a":3148042260,"T":1599450023028,"m":true,"M":true}
{"e":"trade","E":1599450023029,"s":"BTCUSDT","t":408142939,"p":"10208.17000000","q":"0.00163400","b":3148042200,"a":3148042260,"T":1599450023028,"m":true,"M":true}
{"e":"trade","E":1599450023029,"s":"BTCUSDT","t":408142940,"p":"10208.17000000","q":"0.00117300","b":3148042218,"a":3148042260,"T":1599450023028,"m":true,"M":true}
{"e":"trade","E":1599450023068,"s":"BTCUSDT","t":408142941,"p":"10208.17000000","q":"0.00391700","b":3148042218,"a":3148042264,"T":1599450023066,"m":true,"M":true}
{"e":"trade","E":1599450023076,"s":"BTCUSDT","t":408142942,"p":"10208.17000000","q":"0.00391700","b":3148042218,"a":3148042265,"T":1599450023073,"m":true,"M":true}
{"e":"trade","E":1599450023096,"s":"BTCUSDT","t":408142943,"p":"10208.17000000","q":"0.02229200","b":3148042218,"a":3148042266,"T":1599450023087,"m":true,"M":true}
{"e":"trade","E":1599450023133,"s":"BTCUSDT","t":408142944,"p":"10208.18000000","q":"0.00110400","b":3148042270,"a":3148042024,"T":1599450023131,"m":false,"M":true}
{"e":"trade","E":1599450023150,"s":"BTCUSDT","t":408142945,"p":"10208.17000000","q":"0.03502700","b":3148042218,"a":3148042271,"T":1599450023148,"m":true,"M":true}
{"e":"trade","E":1599450023154,"s":"BTCUSDT","t":408142946,"p":"10208.17000000","q":"0.04068300","b":3148042218,"a":3148042272,"T":1599450023153,"m":true,"M":true}
{"e":"trade","E":1599450023207,"s":"BTCUSDT","t":408142947,"p":"10208.17000000","q":"0.02150200","b":3148042218,"a":3148042274,"T":1599450023203,"m":true,"M":true}
{"e":"trade","E":1599450023273,"s":"BTCUSDT","t":408142948,"p":"10208.17000000","q":"0.02098600","b":3148042218,"a":3148042279,"T":1599450023272,"m":true,"M":true}
{"e":"trade","E":1599450023302,"s":"BTCUSDT","t":408142949,"p":"10208.17000000","q":"0.00266100","b":3148042218,"a":3148042281,"T":1599450023301,"m":true,"M":true}
{"e":"trade","E":1599450023406,"s":"BTCUSDT","t":408142950,"p":"10208.06000000","q":"0.00116200","b":3148042298,"a":3148042285,"T":1599450023405,"m":false,"M":true}
{"e":"trade","E":1599450023412,"s":"BTCUSDT","t":408142951,"p":"10208.05000000","q":"0.02516100","b":3148042190,"a":3148042299,"T":1599450023411,"m":true,"M":true}
{"e":"trade","E":1599450023585,"s":"BTCUSDT","t":408142952,"p":"10208.05000000","q":"0.02074400","b":3148042190,"a":3148042314,"T":1599450023584,"m":true,"M":true}
{"e":"trade","E":1599450023943,"s":"BTCUSDT","t":408142953,"p":"10208.05000000","q":"0.00157900","b":3148042190,"a":3148042328,"T":1599450023942,"m":true,"M":true}
{"e":"trade","E":1599450024774,"s":"BTCUSDT","t":408142954,"p":"10208.05000000","q":"0.02649200","b":3148042190,"a":3148042343,"T":1599450024773,"m":true,"M":true}
{"e":"trade","E":1599450025133,"s":"BTCUSDT","t":408142955,"p":"10208.05000000","q":"0.05102900","b":3148042190,"a":3148042351,"T":1599450025132,"m":true,"M":true}
{"e":"trade","E":1599450025358,"s":"ETHUSDT","t":184475198,"p":"348.23000000","q":"0.06711000","b":1684965057,"a":1684965042,"T":1599450025357,"m":false,"M":true}
{"e":"trade","E":1599450025394,"s":"BTCUSDT","t":408142956,"p":"10208.05000000","q":"0.28221700","b":3148042190,"a":3148042355,"T":1599450025393,"m":true,"M":true}
{"e":"trade","E":1599450025401,"s":"BTCUSDT","t":408142957,"p":"10208.05000000","q":"0.15308700","b":3148042190,"a":3148042356,"T":1599450025400,"m":true,"M":true}
{"e":"trade","E":1599450025442,"s":"BTCUSDT","t":408142958,"p":"10208.05000000","q":"0.03827300","b":3148042308,"a":3148042360,"T":1599450025441,"m":true,"M":true}
{"e":"trade","E":1599450025460,"s":"BTCUSDT","t":408142959,"p":"10208.05000000","q":"0.01068800","b":3148042308,"a":3148042361,"T":1599450025459,"m":true,"M":true}
{"e":"trade","E":1599450025470,"s":"BTCUSDT","t":408142960,"p":"10208.05000000","q":"0.01206000","b":3148042308,"a":3148042362,"T":1599450025469,"m":true,"M":true}
{"e":"trade","E":1599450025515,"s":"BTCUSDT","t":408142961,"p":"10208.04000000","q":"0.10206000","b":3148034605,"a":3148042365,"T":1599450025513,"m":true,"M":true}
{"e":"trade","E":1599450025545,"s":"BTCUSDT","t":408142962,"p":"10208.05000000","q":"0.03100000","b":3148042368,"a":3148042364,"T":1599450025544,"m":false,"M":true}
{"e":"trade","E":1599450025662,"s":"BTCUSDT","t":408142963,"p":"10208.04000000","q":"0.00414500","b":3148034605,"a":3148042381,"T":1599450025661,"m":true,"M":true}
{"e":"trade","E":1599450025664,"s":"BTCUSDT","t":408142964,"p":"10208.04000000","q":"0.08566800","b":3148034605,"a":3148042382,"T":1599450025663,"m":true,"M":true}
{"e":"trade","E":1599450025667,"s":"BTCUSDT","t":408142965,"p":"10208.04000000","q":"0.07776900","b":3148034605,"a":3148042383,"T":1599450025666,"m":true,"M":true}
{"e":"trade","E":1599450025929,"s":"ETHUSDT","t":184475199,"p":"348.22000000","q":"0.03035000","b":1684965005,"a":1684965079,"T":1599450025928,"m":true,"M":true}
{"e":"trade","E":1599450025929,"s":"ETHUSDT","t":184475200,"p":"348.22000000","q":"0.16873000","b":1684965060,"a":1684965079,"T":1599450025928,"m":true,"M":true}
{"e":"trade","E":1599450026110,"s":"ETHUSDT","t":184475201,"p":"348.23000000","q":"0.10464000","b":1684965086,"a":1684965042,"T":1599450026109,"m":false,"M":true}
{"e":"trade","E":1599450026110,"s":"ETHUSDT","t":184475202,"p":"348.24000000","q":"6.05585000","b":1684965086,"a":1684965038,"T":1599450026109,"m":false,"M":true}
{"e":"trade","E":1599450026152,"s":"BTCUSDT","t":408142966,"p":"10208.04000000","q":"0.02431500","b":3148034605,"a":3148042401,"T":1599450026151,"m":true,"M":true}
{"e":"trade","E":1599450026455,"s":"BTCUSDT","t":408142967,"p":"10208.04000000","q":"0.00700900","b":3148034605,"a":3148042415,"T":1599450026454,"m":true,"M":true}
{"e":"trade","E":1599450026507,"s":"BTCUSDT","t":408142968,"p":"10208.04000000","q":"0.01123800","b":3148034605,"a":3148042419,"T":1599450026506,"m":true,"M":true}
{"e":"trade","E":1599450026526,"s":"BTCUSDT","t":408142969,"p":"10208.04000000","q":"0.03237100","b":3148034605,"a":3148042420,"T":1599450026524,"m":true,"M":true}
{"e":"trade","E":1599450026706,"s":"BTCUSDT","t":408142970,"p":"10208.04000000","q":"0.01638300","b":3148034605,"a":3148042425,"T":1599450026705,"m":true,"M":true}
{"e":"trade","E":1599450026846,"s":"ETHUSDT","t":184475203,"p":"348.26000000","q":"0.26423000","b":1684965139,"a":1684964522,"T":1599450026845,"m":false,"M":true}
{"e":"trade","E":1599450026846,"s":"ETHUSDT","t":184475204,"p":"348.26000000","q":"0.20219000","b":1684965139,"a":1684965109,"T":1599450026845,"m":false,"M":true}
{"e":"trade","E":1599450027211,"s":"BTCUSDT","t":408142971,"p":"10208.04000000","q":"0.12249500","b":3148034605,"a":3148042433,"T":1599450027210,"m":true,"M":true}
{"e":"trade","E":1599450027294,"s":"BTCUSDT","t":408142972,"p":"10208.04000000","q":"0.01382300","b":3148034605,"a":3148042436,"T":1599450027292,"m":true,"M":true}
{"e":"trade","E":1599450027456,"s":"ETHUSDT","t":184475205,"p":"348.25000000","q":"1.43480000","b":1684965099,"a":1684965170,"T":1599450027455,"m":true,"M":true}
{"e":"trade","E":1599450027466,"s":"ETHUSDT","t":184475206,"p":"348.25000000","q":"0.00003000","b":1684965099,"a":1684965173,"T":1599450027464,"m":true,"M":true}
{"e":"trade","E":1599450027466,"s":"ETHUSDT","t":184475207,"p":"348.21000000","q":"0.18737000","b":1684965131,"a":1684965173,"T":1599450027464,"m":true,"M":true}
{"e":"trade","E":1599450027495,"s":"ETHUSDT","t":184475208,"p":"348.22000000","q":"1.56697000","b":1684965190,"a":1684965176,"T":1599450027493,"m":false,"M":true}
{"e":"trade","E":1599450027521,"s":"ETHUSDT","t":184475209,"p":"348.21000000","q":"0.00004000","b":1684965131,"a":1684965196,"T":1599450027519,"m":true,"M":true}
{"e":"trade","E":1599450027521,"s":"ETHUSDT","t":184475210,"p":"348.20000000","q":"0.03240000","b":1684964467,"a":1684965196,"T":1599450027519,"m":true,"M":true}
{"e":"trade","E":1599450027610,"s":"ETHUSDT","t":184475211,"p":"348.20000000","q":"2.96760000","b":1684964467,"a":1684965222,"T":1599450027609,"m":true,"M":true}
{"e":"trade","E":1599450027610,"s":"ETHUSDT","t":184475212,"p":"348.20000000","q":"3.00000000","b":1684964471,"a":1684965222,"T":1599450027609,"m":true,"M":true}
{"e":"trade","E":1599450027627,"s":"ETHUSDT","t":184475213,"p":"348.19000000","q":"0.62889000","b":1684964428,"a":1684965228,"T":1599450027626,"m":true,"M":true}
{"e":"trade","E":1599450027641,"s":"ETHUSDT","t":184475214,"p":"348.19000000","q":"0.00001000","b":1684964428,"a":1684965235,"T":1599450027639,"m":true,"M":true}
{"e":"trade","E":1599450027759,"s":"BTCUSDT","t":408142973,"p":"10208.04000000","q":"0.01599000","b":3148034605,"a":3148042447,"T":1599450027757,"m":true,"M":true}
{"e":"trade","E":1599450027773,"s":"ETHUSDT","t":184475215,"p":"348.15000000","q":"1.40000000","b":1684964009,"a":1684965284,"T":1599450027772,"m":true,"M":true}
{"e":"trade","E":1599450027787,"s":"ETHUSDT","t":184475216,"p":"348.15000000","q":"0.10000000","b":1684964009,"a":1684965287,"T":1599450027786,"m":true,"M":true}
{"e":"trade","E":1599450027880,"s":"ETHUSDT","t":184475217,"p":"348.15000000","q":"2.40583000","b":1684964532,"a":1684965315,"T":1599450027879,"m":true,"M":true}
{"e":"trade","E":1599450027894,"s":"ETHUSDT","t":184475218,"p":"348.16000000","q":"2.00000000","b":1684965320,"a":1684965252,"T":1599450027892,"m":false,"M":true}
{"e":"trade","E":1599450027894,"s":"ETHUSDT","t":184475219,"p":"348.16000000","q":"5.00000000","b":1684965320,"a":1684965256,"T":1599450027892,"m":false,"M":true}
{"e":"trade","E":1599450027894,"s":"ETHUSDT","t":184475220,"p":"348.16000000","q":"2.17581000","b":1684965320,"a":1684965262,"T":1599450027892,"m":false,"M":true}
{"e":"trade","E":1599450027894,"s":"ETHUSDT","t":184475221,"p":"348.16000000","q":"2.19528000","b":1684965320,"a":1684965263,"T":1599450027892,"m":false,"M":true}
{"e":"trade","E":1599450027894,"s":"ETHUSDT","t":184475222,"p":"348.16000000","q":"2.77491000","b":1684965320,"a":1684965264,"T":1599450027892,"m":false,"M":true}
{"e":"trade","E":1599450027918,"s":"BTCUSDT","t":408142974,"p":"10208.04000000","q":"0.48247000","b":3148034605,"a":3148042456,"T":1599450027916,"m":true,"M":true}
{"e":"trade","E":1599450028008,"s":"ETHUSDT","t":184475223,"p":"348.16000000","q":"13.36300000","b":1684965343,"a":1684965264,"T":1599450028006,"m":false,"M":true}
{"e":"trade","E":1599450028024,"s":"BTCUSDT","t":408142975,"p":"10208.04000000","q":"0.45576400","b":3148034605,"a":3148042459,"T":1599450028023,"m":true,"M":true}
{"e":"trade","E":1599450028109,"s":"ETHUSDT","t":184475224,"p":"348.16000000","q":"3.60200000","b":1684965370,"a":1684965264,"T":1599450028108,"m":false,"M":true}
{"e":"trade","E":1599450028123,"s":"BTCUSDT","t":408142976,"p":"10208.04000000","q":"0.12285100","b":3148034605,"a":3148042465,"T":1599450028122,"m":true,"M":true}
{"e":"trade","E":1599450028422,"s":"BTCUSDT","t":408142977,"p":"10208.04000000","q":"0.00106200","b":3148034605,"a":3148042474,"T":1599450028421,"m":true,"M":true}
{"e":"trade","E":1599450028666,"s":"BTCUSDT","t":408142978,"p":"10208.04000000","q":"0.01761600","b":3148034605,"a":3148042483,"T":1599450028665,"m":true,"M":true}
{"e":"trade","E":1599450028692,"s":"BTCUSDT","t":408142979,"p":"10208.04000000","q":"0.03360600","b":3148034605,"a":3148042485,"T":1599450028690,"m":true,"M":true}
{"e":"trade","E":1599450028735,"s":"ETHUSDT","t":184475225,"p":"348.15000000","q":"0.59417000","b":1684964532,"a":1684965432,"T":1599450028734,"m":true,"M":true}
{"e":"trade","E":1599450028735,"s":"ETHUSDT","t":184475226,"p":"348.15000000","q":"3.00000000","b":1684965300,"a":1684965432,"T":1599450028734,"m":true,"M":true}
{"e":"trade","E":1599450028735,"s":"ETHUSDT","t":184475227,"p":"348.15000000","q":"3.00000000","b":1684965313,"a":1684965432,"T":1599450028734,"m":true,"M":true}
{"e":"trade","E":1599450028777,"s":"BTCUSDT","t":408142980,"p":"10208.04000000","q":"0.00479200","b":3148034605,"a":3148042490,"T":1599450028775,"m":true,"M":true}
{"e":"trade","E":1599450028904,"s":"BTCUSDT","t":408142981,"p":"10208.04000000","q":"0.05113600","b":3148034605,"a":3148042495,"T":1599450028903,"m":true,"M":true}
{"e":"trade","E":1599450029394,"s":"ETHUSDT","t":184475228,"p":"348.11000000","q":"0.49984000","b":1684965506,"a":1684965491,"T":1599450029393,"m":false,"M":true}
{"e":"trade","E":1599450029601,"s":"BTCUSDT","t":408142982,"p":"10208.04000000","q":"0.00984900","b":3148034605,"a":3148042516,"T":1599450029600,"m":true,"M":true}
{"e":"trade","E":1599450029607,"s":"BTCUSDT","t":408142983,"p":"10208.05000000","q":"0.04831200","b":3148042517,"a":3148042366,"T":1599450029605,"m":false,"M":true}
{"e":"trade","E":1599450029634,"s":"BTCUSDT","t":408142984,"p":"10208.04000000","q":"0.00113600","b":3148034605,"a":3148042519,"T":1599450029633,"m":true,"M":true}
{"e":"trade","E":1599450029816,"s":"BTCUSDT","t":408142985,"p":"10208.05000000","q":"0.01048700","b":3148042523,"a":3148042366,"T":1599450029815,"m":false,"M":true}
{"e":"trade","E":1599450029878,"s":"BTCUSDT","t":408142986,"p":"10208.04000000","q":"0.00665400","b":3148034605,"a":3148042525,"T":1599450029877,"m":true,"M":true}
{"e":"trade","E":1599450030029,"s":"BTCUSDT","t":408142987,"p":"10208.04000000","q":"0.00240000","b":3148034605,"a":3148042532,"T":1599450030027,"m":true,"M":true}
{"e":"trade","E":1599450030260,"s":"ETHUSDT","t":184475229,"p":"348.18000000","q":"0.35925000","b":1684965610,"a":1684965235,"T":1599450030259,"m":false,"M":true}
{"e":"trade","E":1599450030933,"s":"ETHUSDT","t":184475230,"p":"348.18000000","q":"0.26960000","b":1684965683,"a":1684965235,"T":1599450030932,"m":false,"M":true}
{"e":"trade","E":1599450031033,"s":"ETHUSDT","t":184475231,"p":"348.18000000","q":"0.00003000","b":1684965693,"a":1684965235,"T":1599450031031,"m":false,"M":true}
{"e":"trade","E":1599450031033,"s":"ETHUSDT","t":184475232,"p":"348.20000000","q":"3.00000000","b":1684965693,"a":1684965490,"T":1599450031031,"m":false,"M":true}
{"e":"trade","E":1599450031083,"s":"BTCUSDT","t":408142988,"p":"10208.05000000","q":"0.00517000","b":3148042579,"a":3148042366,"T":1599450031081,"m":false,"M":true}
{"e":"trade","E":1599450031179,"s":"BTCUSDT","t":408142989,"p":"10208.05000000","q":"0.00517000","b":3148042584,"a":3148042366,"T":1599450031178,"m":false,"M":true}
{"e":"trade","E":1599450031185,"s":"ETHUSDT","t":184475233,"p":"348.24000000","q":"0.63243000","b":1684965721,"a":1684965741,"T":1599450031184,"m":true,"M":true}
{"e":"trade","E":1599450031289,"s":"BTCUSDT","t":408142990,"p":"10208.05000000","q":"0.00517000","b":3148042586,"a":3148042366,"T":1599450031288,"m":false,"M":true}
{"e":"trade","E":1599450031301,"s":"ETHUSDT","t":184475234,"p":"348.24000000","q":"1.04000000","b":1684965721,"a":1684965756,"T":1599450031300,"m":true,"M":true}
{"e":"trade","E":1599450031325,"s":"BTCUSDT","t":408142991,"p":"10208.05000000","q":"0.00111200","b":3148042587,"a":3148042366,"T":1599450031324,"m":false,"M":true}
{"e":"trade","E":1599450031395,"s":"BTCUSDT","t":408142992,"p":"10208.05000000","q":"0.00517000","b":3148042589,"a":3148042366,"T":1599450031393,"m":false,"M":true}
{"e":"trade","E":1599450031399,"s":"ETHUSDT","t":184475235,"p":"348.24000000","q":"0.08877000","b":1684965723,"a":1684965762,"T":1599450031397,"m":true,"M":true}
{"e":"trade","E":1599450031505,"s":"BTCUSDT","t":408142993,"p":"10208.05000000","q":"0.00517000","b":3148042591,"a":3148042366,"T":1599450031504,"m":false,"M":true}
{"e":"trade","E":1599450031607,"s":"BTCUSDT","t":408142994,"p":"10208.05000000","q":"0.00517000","b":3148042594,"a":3148042366,"T":1599450031606,"m":false,"M":true}
{"e":"trade","E":1599450031701,"s":"BTCUSDT","t":408142995,"p":"10208.05000000","q":"0.00517000","b":3148042596,"a":3148042366,"T":1599450031700,"m":false,"M":true}
{"e":"trade","E":1599450031811,"s":"BTCUSDT","t":408142996,"p":"10208.05000000","q":"0.00517000","b":3148042599,"a":3148042366,"T":1599450031810,"m":false,"M":true}
{"e":"trade","E":1599450031903,"s":"BTCUSDT","t":408142997,"p":"10208.05000000","q":"0.00514800","b":3148042604,"a":3148042366,"T":1599450031902,"m":false,"M":true}
{"e":"trade","E":1599450032014,"s":"BTCUSDT","t":408142998,"p":"10208.04000000","q":"0.00113500","b":3148034605,"a":3148042610,"T":1599450032013,"m":true,"M":true}
{"e":"trade","E":1599450032016,"s":"BTCUSDT","t":408142999,"p":"10208.04000000","q":"0.00147500","b":3148034605,"a":3148042611,"T":1599450032015,"m":true,"M":true}
{"e":"trade","E":1599450032134,"s":"BTCUSDT","t":408143000,"p":"10208.04000000","q":"0.00098000","b":3148034605,"a":3148042614,"T":1599450032133,"m":true,"M":true}
{"e":"trade","E":1599450032475,"s":"BTCUSDT","t":408143001,"p":"10208.05000000","q":"0.00773800","b":3148042619,"a":3148042366,"T":1599450032474,"m":false,"M":true}
{"e":"trade","E":1599450032882,"s":"BTCUSDT","t":408143002,"p":"10208.04000000","q":"0.01460100","b":3148034605,"a":3148042625,"T":1599450032881,"m":true,"M":true}
{"e":"trade","E":1599450032922,"s":"ETHUSDT","t":184475236,"p":"348.25000000","q":"0.20319000","b":1684965845,"a":1684965353,"T":1599450032921,"m":false,"M":true}
{"e":"trade","E":1599450032947,"s":"ETHUSDT","t":184475237,"p":"348.25000000","q":"0.41852000","b":1684965847,"a":1684965353,"T":1599450032946,"m":false,"M":true}
{"e":"trade","E":1599450032953,"s":"ETHUSDT","t":184475238,"p":"348.25000000","q":"0.14746000","b":1684965849,"a":1684965353,"T":1599450032952,"m":false,"M":true}
{"e":"trade","E":1599450033086,"s":"ETHUSDT","t":184475239,"p":"348.24000000","q":"1.22000000","b":1684965851,"a":1684965861,"T":1599450033085,"m":true,"M":true}
{"e":"trade","E":1599450033093,"s":"BTCUSDT","t":408143003,"p":"10208.06000000","q":"0.04161700","b":3148042648,"a":3148042301,"T":1599450033092,"m":false,"M":true}
{"e":"trade","E":1599450033266,"s":"ETHUSDT","t":184475240,"p":"348.25000000","q":"0.34650000","b":1684965875,"a":1684965353,"T":1599450033265,"m":false,"M":true}
{"e":"trade","E":1599450033320,"s":"ETHUSDT","t":184475241,"p":"348.25000000","q":"0.49934000","b":1684965876,"a":1684965353,"T":1599450033318,"m":false,"M":true}
{"e":"trade","E":1599450033719,"s":"BTCUSDT","t":408143004,"p":"10208.29000000","q":"0.01885000","b":3148042720,"a":3148042674,"T":1599450033717,"m":false,"M":true}
{"e":"trade","E":1599450033719,"s":"BTCUSDT","t":408143005,"p":"10208.29000000","q":"0.03618700","b":3148042720,"a":3148042711,"T":1599450033717,"m":false,"M":true}
{"e":"trade","E":1599450033728,"s":"ETHUSDT","t":184475242,"p":"348.25000000","q":"1.38499000","b":1684965887,"a":1684965353,"T":1599450033727,"m":false,"M":true}
{"e":"trade","E":1599450033728,"s":"ETHUSDT","t":184475243,"p":"348.25000000","q":"0.67611000","b":1684965887,"a":1684965498,"T":1599450033727,"m":false,"M":true}
{"e":"trade","E":1599450033761,"s":"BTCUSDT","t":408143006,"p":"10208.29000000","q":"0.00186300","b":3148042722,"a":3148042729,"T":1599450033759,"m":true,"M":true}
{"e":"trade","E":1599450033761,"s":"BTCUSDT","t":408143007,"p":"10208.29000000","q":"0.01267400","b":3148042724,"a":3148042729,"T":1599450033759,"m":true,"M":true}
{"e":"trade","E":1599450033866,"s":"BTCUSDT","t":408143008,"p":"10208.30000000","q":"0.01885000","b":3148042733,"a":3148042311,"T":1599450033865,"m":false,"M":true}
{"e":"trade","E":1599450033866,"s":"BTCUSDT","t":408143009,"p":"10209.02000000","q":"0.01170600","b":3148042733,"a":3148042037,"T":1599450033865,"m":false,"M":true}
{"e":"trade","E":1599450033936,"s":"BTCUSDT","t":408143010,"p":"10208.65000000","q":"0.00350500","b":3148042741,"a":3148042747,"T":1599450033935,"m":true,"M":true}
{"e":"trade","E":1599450034099,"s":"BTCUSDT","t":408143011,"p":"10208.65000000","q":"0.01178300","b":3148042741,"a":3148042769,"T":1599450034092,"m":true,"M":true}
{"e":"trade","E":1599450034106,"s":"BTCUSDT","t":408143012,"p":"10208.65000000","q":"0.00349700","b":3148042741,"a":3148042770,"T":1599450034101,"m":true,"M":true}
{"e":"trade","E":1599450034106,"s":"BTCUSDT","t":408143013,"p":"10208.65000000","q":"0.11301700","b":3148042761,"a":3148042770,"T":1599450034101,"m":true,"M":true}
{"e":"trade","E":1599450034113,"s":"BTCUSDT","t":408143014,"p":"10208.66000000","q":"0.01178200","b":3148042771,"a":3148042737,"T":1599450034112,"m":false,"M":true}
{"e":"trade","E":1599450034157,"s":"BTCUSDT","t":408143015,"p":"10208.65000000","q":"0.01178400","b":3148042761,"a":3148042773,"T":1599450034156,"m":true,"M":true}
{"e":"trade","E":1599450034885,"s":"BTCUSDT","t":408143016,"p":"10208.66000000","q":"0.00700300","b":3148042789,"a":3148042737,"T":1599450034884,"m":false,"M":true}
{"e":"trade","E":1599450034885,"s":"BTCUSDT","t":408143017,"p":"10208.66000000","q":"0.01348700","b":3148042789,"a":3148042745,"T":1599450034884,"m":false,"M":true}
{"e":"trade","E":1599450034970,"s":"BTCUSDT","t":408143018,"p":"10208.65000000","q":"0.01953900","b":3148042761,"a":3148042790,"T":1599450034966,"m":true,"M":true}
{"e":"trade","E":1599450034992,"s":"BTCUSDT","t":408143019,"p":"10208.66000000","q":"0.01953400","b":3148042793,"a":3148042745,"T":1599450034990,"m":false,"M":true}
{"e":"trade","E":1599450035041,"s":"BTCUSDT","t":408143020,"p":"10208.65000000","q":"0.01954000","b":3148042761,"a":3148042796,"T":1599450035040,"m":true,"M":true}
{"e":"trade","E":1599450035383,"s":"ETHUSDT","t":184475244,"p":"348.24000000","q":"1.72221000","b":1684965851,"a":1684965912,"T":1599450035382,"m":true,"M":true}
{"e":"trade","E":1599450035383,"s":"ETHUSDT","t":184475245,"p":"348.24000000","q":"12.67079000","b":1684965855,"a":1684965912,"T":1599450035382,"m":true,"M":true}
{"e":"trade","E":1599450035390,"s":"BTCUSDT","t":408143021,"p":"10208.66000000","q":"0.49094500","b":3148042803,"a":3148042745,"T":1599450035389,"m":false,"M":true}
{"e":"trade","E":1599450035485,"s":"BTCUSDT","t":408143022,"p":"10208.66000000","q":"0.15636000","b":3148042806,"a":3148042745,"T":1599450035484,"m":false,"M":true}
{"e":"trade","E":1599450035487,"s":"ETHUSDT","t":184475246,"p":"348.24000000","q":"4.05554000","b":1684965880,"a":1684965922,"T":1599450035486,"m":true,"M":true}
{"e":"trade","E":1599450035487,"s":"ETHUSDT","t":184475247,"p":"348.24000000","q":"0.52846000","b":1684965917,"a":1684965922,"T":1599450035486,"m":true,"M":true}
{"e":"trade","E":1599450035565,"s":"BTCUSDT","t":408143023,"p":"10208.65000000","q":"0.17578700","b":3148042761,"a":3148042809,"T":1599450035563,"m":true,"M":true}
{"e":"trade","E":1599450035731,"s":"ETHUSDT","t":184475248,"p":"348.24000000","q":"0.03459000","b":1684965951,"a":1684965927,"T":1599450035729,"m":false,"M":true}
{"e":"trade","E":1599450035835,"s":"BTCUSDT","t":408143024,"p":"10208.65000000","q":"0.00116300","b":3148042761,"a":3148042820,"T":1599450035834,"m":true,"M":true}
{"e":"trade","E":1599450035836,"s":"BTCUSDT","t":408143025,"p":"10208.66000000","q":"0.00331400","b":3148042821,"a":3148042745,"T":1599450035835,"m":false,"M":true}
{"e":"trade","E":1599450035859,"s":"BTCUSDT","t":408143026,"p":"10208.65000000","q":"0.00331500","b":3148042761,"a":3148042824,"T":1599450035858,"m":true,"M":true}
{"e":"trade","E":1599450035965,"s":"ETHUSDT","t":184475249,"p":"348.23000000","q":"0.24546000","b":1684965805,"a":1684965964,"T":1599450035964,"m":true,"M":true}
{"e":"trade","E":1599450036323,"s":"BTCUSDT","t":408143027,"p":"10208.66000000","q":"0.00122500","b":3148042838,"a":3148042745,"T":1599450036322,"m":false,"M":true}
{"e":"trade","E":1599450036547,"s":"BTCUSDT","t":408143028,"p":"10208.65000000","q":"0.10148400","b":3148042761,"a":3148042848,"T":1599450036546,"m":true,"M":true}
{"e":"trade","E":1599450036654,"s":"BTCUSDT","t":408143029,"p":"10208.65000000","q":"0.00277900","b":3148042761,"a":3148042851,"T":1599450036653,"m":true,"M":true}
{"e":"trade","E":1599450036962,"s":"BTCUSDT","t":408143030,"p":"10208.65000000","q":"0.00132200","b":3148042761,"a":3148042857,"T":1599450036961,"m":true,"M":true}
{"e":"trade","E":1599450037309,"s":"ETHUSDT","t":184475250,"p":"348.23000000","q":"0.61965000","b":1684965805,"a":1684965994,"T":1599450037308,"m":true,"M":true}
{"e":"trade","E":1599450037309,"s":"ETHUSDT","t":184475251,"p":"348.20000000","q":"0.43395000","b":1684965893,"a":1684965994,"T":1599450037308,"m":true,"M":true}
{"e":"trade","E":1599450037573,"s":"ETHUSDT","t":184475252,"p":"348.20000000","q":"0.06853000","b":1684965893,"a":1684966022,"T":1599450037572,"m":true,"M":true}
{"e":"trade","E":1599450037988,"s":"BTCUSDT","t":408143031,"p":"10208.85000000","q":"0.08711600","b":3148042899,"a":3148042900,"T":1599450037987,"m":true,"M":true}
{"e":"trade","E":1599450037991,"s":"BTCUSDT","t":408143032,"p":"10208.85000000","q":"0.08711600","b":3148042899,"a":3148042903,"T":1599450037990,"m":true,"M":true}
{"e":"trade","E":1599450037992,"s":"BTCUSDT","t":408143033,"p":"10208.85000000","q":"0.02526800","b":3148042899,"a":3148042904,"T":1599450037990,"m":true,"M":true}
{"e":"trade","E":1599450037992,"s":"BTCUSDT","t":408143034,"p":"10208.66000000","q":"0.00349900","b":3148042905,"a":3148042904,"T":1599450037990,"m":false,"M":true}
{"e":"trade","E":1599450038230,"s":"BTCUSDT","t":408143035,"p":"10208.65000000","q":"0.90279200","b":3148042761,"a":3148042949,"T":1599450038229,"m":true,"M":true}
{"e":"trade","E":1599450038861,"s":"BTCUSDT","t":408143036,"p":"10208.65000000","q":"0.01342700","b":3148042761,"a":3148042980,"T":1599450038860,"m":true,"M":true}
{"e":"trade","E":1599450039056,"s":"BTCUSDT","t":408143037,"p":"10208.65000000","q":"0.00186500","b":3148042761,"a":3148042986,"T":1599450039055,"m":true,"M":true}
{"e":"trade","E":1599450039177,"s":"BTCUSDT","t":408143038,"p":"10208.66000000","q":"0.01402800","b":3148042992,"a":3148042904,"T":1599450039176,"m":false,"M":true}
{"e":"trade","E":1599450039513,"s":"BTCUSDT","t":408143039,"p":"10208.66000000","q":"0.00116100","b":3148043000,"a":3148042904,"T":1599450039512,"m":false,"M":true}
{"e":"trade","E":1599450039714,"s":"ETHUSDT","t":184475253,"p":"348.21000000","q":"2.00000000","b":1684966048,"a":1684966088,"T":1599450039713,"m":true,"M":true}
{"e":"trade","E":1599450039714,"s":"ETHUSDT","t":184475254,"p":"348.21000000","q":"28.06460000","b":1684966069,"a":1684966088,"T":1599450039713,"m":true,"M":true}
{"e":"trade","E":1599450039729,"s":"BTCUSDT","t":408143040,"p":"10208.66000000","q":"0.02644000","b":3148043009,"a":3148042904,"T":1599450039728,"m":false,"M":true}
{"e":"trade","E":1599450039729,"s":"BTCUSDT","t":408143041,"p":"10208.66000000","q":"0.07466000","b":3148043009,"a":3148042952,"T":1599450039728,"m":false,"M":true}
{"e":"trade","E":1599450039935,"s":"BTCUSDT","t":408143042,"p":"10208.75000000","q":"0.11079100","b":3148043019,"a":3148043022,"T":1599450039934,"m":true,"M":true}
{"e":"trade","E":1599450040020,"s":"BTCUSDT","t":408143043,"p":"10208.75000000","q":"0.00496100","b":3148043019,"a":3148043030,"T":1599450040018,"m":true,"M":true}
{"e":"trade","E":1599450040021,"s":"ETHUSDT","t":184475255,"p":"348.22000000","q":"0.11300000","b":1684966098,"a":1684966026,"T":1599450040020,"m":false,"M":true}
{"e":"trade","E":1599450040250,"s":"ETHUSDT","t":184475256,"p":"348.22000000","q":"0.06924000","b":1684966107,"a":1684966026,"T":1599450040249,"m":false,"M":true}
{"e":"trade","E":1599450040588,"s":"BTCUSDT","t":408143044,"p":"10208.75000000","q":"0.00108400","b":3148043020,"a":3148043065,"T":1599450040587,"m":true,"M":true}
{"e":"trade","E":1599450041133,"s":"ETHUSDT","t":184475257,"p":"348.22000000","q":"0.10483000","b":1684966125,"a":1684966026,"T":1599450041132,"m":false,"M":true}
{"e":"trade","E":1599450042118,"s":"BTCUSDT","t":408143045,"p":"10208.76000000","q":"0.01878500","b":3148043128,"a":3148042910,"T":1599450042117,"m":false,"M":true}
{"e":"trade","E":1599450042118,"s":"BTCUSDT","t":408143046,"p":"10208.76000000","q":"0.01390200","b":3148043128,"a":3148043081,"T":1599450042117,"m":false,"M":true}
{"e":"trade","E":1599450043072,"s":"ETHUSDT","t":184475258,"p":"348.21000000","q":"0.27376000","b":1684966151,"a":1684966152,"T":1599450043071,"m":true,"M":true}
{"e":"trade","E":1599450043931,"s":"ETHUSDT","t":184475259,"p":"348.22000000","q":"0.03963000","b":1684966187,"a":1684966113,"T":1599450043925,"m":false,"M":true}
{"e":"trade","E":1599450043931,"s":"ETHUSDT","t":184475260,"p":"348.24000000","q":"1.43483000","b":1684966187,"a":1684965931,"T":1599450043925,"m":false,"M":true}
{"e":"trade","E":1599450043931,"s":"ETHUSDT","t":184475261,"p":"348.24000000","q":"0.13211000","b":1684966187,"a":1684965993,"T":1599450043925,"m":false,"M":true}
{"e":"trade","E":1599450043931,"s":"ETHUSDT","t":184475262,"p":"348.24000000","q":"1.41664000","b":1684966187,"a":1684966116,"T":1599450043925,"m":false,"M":true}
{"e":"trade","E":1599450043935,"s":"ETHUSDT","t":184475263,"p":"348.24000000","q":"0.03404000","b":1684966188,"a":1684966116,"T":1599450043928,"m":false,"M":true}
{"e":"trade","E":1599450043936,"s":"ETHUSDT","t":184475264,"p":"348.24000000","q":"1.10228000","b":1684966189,"a":1684966116,"T":1599450043930,"m":false,"M":true}
{"e":"trade","E":1599450043976,"s":"BTCUSDT","t":408143047,"p":"10208.75000000","q":"0.01150200","b":3148043020,"a":3148043195,"T":1599450043975,"m":true,"M":true}
{"e":"trade","E":1599450043989,"s":"ETHUSDT","t":184475265,"p":"348.24000000","q":"0.09747000","b":1684966201,"a":1684966116,"T":1599450043988,"m":false,"M":true}
{"e":"trade","E":1599450045848,"s":"BTCUSDT","t":408143048,"p":"10208.86000000","q":"0.00847600","b":3148043224,"a":3148043284,"T":1599450045847,"m":true,"M":true}
{"e":"trade","E":1599450046767,"s":"ETHUSDT","t":184475266,"p":"348.23000000","q":"1.17513000","b":1684966196,"a":1684966235,"T":1599450046766,"m":true,"M":true}
{"e":"trade","E":1599450046874,"s":"BTCUSDT","t":408143049,"p":"10208.87000000","q":"0.01100000","b":3148043314,"a":3148043225,"T":1599450046873,"m":false,"M":true}
{"e":"trade","E":1599450047013,"s":"BTCUSDT","t":408143050,"p":"10208.86000000","q":"0.00248800","b":3148043224,"a":3148043318,"T":1599450047012,"m":true,"M":true}
{"e":"trade","E":1599450047052,"s":"ETHUSDT","t":184475267,"p":"348.23000000","q":"0.22999000","b":1684966196,"a":1684966257,"T":1599450047051,"m":true,"M":true}
{"e":"trade","E":1599450047052,"s":"ETHUSDT","t":184475268,"p":"348.23000000","q":"2.27001000","b":1684966208,"a":1684966257,"T":1599450047051,"m":true,"M":true}
{"e":"trade","E":1599450047056,"s":"ETHUSDT","t":184475269,"p":"348.23000000","q":"0.35911000","b":1684966208,"a":1684966263,"T":1599450047054,"m":true,"M":true}
{"e":"trade","E":1599450047056,"s":"ETHUSDT","t":184475270,"p":"348.23000000","q":"2.70390000","b":1684966208,"a":1684966264,"T":1599450047055,"m":true,"M":true}
{"e":"trade","E":1599450047056,"s":"ETHUSDT","t":184475271,"p":"348.23000000","q":"2.50000000","b":1684966208,"a":1684966265,"T":1599450047055,"m":true,"M":true}
{"e":"trade","E":1599450047057,"s":"ETHUSDT","t":184475272,"p":"348.23000000","q":"0.35408000","b":1684966208,"a":1684966266,"T":1599450047056,"m":true,"M":true}
{"e":"trade","E":1599450047057,"s":"ETHUSDT","t":184475273,"p":"348.23000000","q":"0.23001000","b":1684966237,"a":1684966266,"T":1599450047056,"m":true,"M":true}
{"e":"trade","E":1599450047057,"s":"ETHUSDT","t":184475274,"p":"348.20000000","q":"2.49752000","b":1684965893,"a":1684966266,"T":1599450047056,"m":true,"M":true}
{"e":"trade","E":1599450047057,"s":"ETHUSDT","t":184475275,"p":"348.20000000","q":"0.20638000","b":1684966205,"a":1684966266,"T":1599450047056,"m":true,"M":true}
{"e":"trade","E":1599450047057,"s":"ETHUSDT","t":184475276,"p":"348.18000000","q":"0.12268000","b":1684966247,"a":1684966266,"T":1599450047056,"m":true,"M":true}
{"e":"trade","E":1599450047063,"s":"ETHUSDT","t":184475277,"p":"348.18000000","q":"3.28799000","b":1684966247,"a":1684966283,"T":1599450047062,"m":true,"M":true}
{"e":"trade","E":1599450047063,"s":"ETHUSDT","t":184475278,"p":"348.17000000","q":"29.01201000","b":1684965616,"a":1684966283,"T":1599450047062,"m":true,"M":true}
{"e":"trade","E":1599450047080,"s":"ETHUSDT","t":184475279,"p":"348.17000000","q":"2.15528000","b":1684966209,"a":1684966303,"T":1599450047079,"m":true,"M":true}
{"e":"trade","E":1599450047081,"s":"ETHUSDT","t":184475280,"p":"348.17000000","q":"0.14472000","b":1684966209,"a":1684966307,"T":1599450047080,"m":true,"M":true}
{"e":"trade","E":1599450047108,"s":"ETHUSDT","t":184475281,"p":"348.12000000","q":"2.51544000","b":1684965785,"a":1684966332,"T":1599450047106,"m":true,"M":true}
{"e":"trade","E":1599450047108,"s":"ETHUSDT","t":184475282,"p":"348.12000000","q":"1.48456000","b":1684966223,"a":1684966332,"T":1599450047106,"m":true,"M":true}
{"e":"trade","E":1599450047108,"s":"ETHUSDT","t":184475283,"p":"348.12000000","q":"0.30000000","b":1684966223,"a":1684966333,"T":1599450047107,"m":true,"M":true}
{"e":"trade","E":1599450047109,"s":"ETHUSDT","t":184475284,"p":"348.12000000","q":"0.30000000","b":1684966223,"a":1684966335,"T":1599450047107,"m":true,"M":true}
{"e":"trade","E":1599450047110,"s":"ETHUSDT","t":184475285,"p":"348.12000000","q":"1.50000000","b":1684966223,"a":1684966337,"T":1599450047109,"m":true,"M":true}
{"e":"trade","E":1599450047112,"s":"ETHUSDT","t":184475286,"p":"348.12000000","q":"2.27821000","b":1684966223,"a":1684966339,"T":1599450047111,"m":true,"M":true}
{"e":"trade","E":1599450047112,"s":"ETHUSDT","t":184475287,"p":"348.11000000","q":"0.60716000","b":1684966324,"a":1684966339,"T":1599450047111,"m":true,"M":true}
{"e":"trade","E":1599450047112,"s":"ETHUSDT","t":184475288,"p":"348.10000000","q":"0.03603000","b":1684964860,"a":1684966339,"T":1599450047111,"m":true,"M":true}
{"e":"trade","E":1599450047112,"s":"ETHUSDT","t":184475289,"p":"348.10000000","q":"3.00000000","b":1684965470,"a":1684966339,"T":1599450047111,"m":true,"M":true}
{"e":"trade","E":1599450047112,"s":"ETHUSDT","t":184475290,"p":"348.10000000","q":"3.00000000","b":1684965476,"a":1684966339,"T":1599450047111,"m":true,"M":true}
{"e":"trade","E":1599450047112,"s":"ETHUSDT","t":184475291,"p":"348.09000000","q":"5.86311000","b":1684965973,"a":1684966339,"T":1599450047111,"m":true,"M":true}
{"e":"trade","E":1599450047112,"s":"ETHUSDT","t":184475292,"p":"348.08000000","q":"1.21549000","b":1684965812,"a":1684966339,"T":1599450047111,"m":true,"M":true}
{"e":"trade","E":1599450047112,"s":"ETHUSDT","t":184475293,"p":"348.08000000","q":"0.22005000","b":1684965812,"a":1684966340,"T":1599450047111,"m":true,"M":true}
{"e":"trade","E":1599450047112,"s":"ETHUSDT","t":184475294,"p":"348.07000000","q":"0.07995000","b":1684966309,"a":1684966340,"T":1599450047111,"m":true,"M":true}
{"e":"trade","E":1599450047112,"s":"ETHUSDT","t":184475295,"p":"348.07000000","q":"1.00000000","b":1684966309,"a":1684966341,"T":1599450047111,"m":true,"M":true}
{"e":"trade","E":1599450047113,"s":"ETHUSDT","t":184475296,"p":"348.07000000","q":"1.77010000","b":1684966309,"a":1684966342,"T":1599450047112,"m":true,"M":true}
{"e":"trade","E":1599450047113,"s":"ETHUSDT","t":184475297,"p":"348.07000000","q":"0.22990000","b":1684966338,"a":1684966342,"T":1599450047112,"m":true,"M":true}
{"e":"trade","E":1599450047139,"s":"ETHUSDT","t":184475298,"p":"348.06000000","q":"2.85000000","b":1684966040,"a":1684966373,"T":1599450047138,"m":true,"M":true}
{"e":"trade","E":1599450047139,"s":"ETHUSDT","t":184475299,"p":"348.06000000","q":"2.15494000","b":1684966371,"a":1684966373,"T":1599450047138,"m":true,"M":true}
{"e":"trade","E":1599450047160,"s":"ETHUSDT","t":184475300,"p":"348.05000000","q":"7.32803000","b":1684965672,"a":1684966396,"T":1599450047158,"m":true,"M":true}
{"e":"trade","E":1599450047160,"s":"ETHUSDT","t":184475301,"p":"348.05000000","q":"1.43573000","b":1684965704,"a":1684966396,"T":1599450047158,"m":true,"M":true}
{"e":"trade","E":1599450047160,"s":"ETHUSDT","t":184475302,"p":"348.05000000","q":"0.43451000","b":1684965873,"a":1684966396,"T":1599450047158,"m":true,"M":true}
{"e":"trade","E":1599450047184,"s":"ETHUSDT","t":184475303,"p":"348.06000000","q":"1.43640000","b":1684966419,"a":1684966398,"T":1599450047183,"m":false,"M":true}
{"e":"trade","E":1599450047220,"s":"ETHUSDT","t":184475304,"p":"348.06000000","q":"0.56360000","b":1684966432,"a":1684966398,"T":1599450047217,"m":false,"M":true}
{"e":"trade","E":1599450047220,"s":"ETHUSDT","t":184475305,"p":"348.06000000","q":"0.44676000","b":1684966432,"a":1684966399,"T":1599450047217,"m":false,"M":true}
{"e":"trade","E":1599450047262,"s":"ETHUSDT","t":184475306,"p":"348.06000000","q":"3.00000000","b":1684966462,"a":1684966399,"T":1599450047260,"m":false,"M":true}
{"e":"trade","E":1599450047301,"s":"ETHUSDT","t":184475307,"p":"348.06000000","q":"1.55324000","b":1684966473,"a":1684966399,"T":1599450047299,"m":false,"M":true}
{"e":"trade","E":1599450047301,"s":"ETHUSDT","t":184475308,"p":"348.06000000","q":"1.21576000","b":1684966473,"a":1684966404,"T":1599450047299,"m":false,"M":true}
{"e":"trade","E":1599450047301,"s":"ETHUSDT","t":184475309,"p":"348.06000000","q":"2.02489000","b":1684966474,"a":1684966404,"T":1599450047300,"m":false,"M":true}
{"e":"trade","E":1599450047301,"s":"ETHUSDT","t":184475310,"p":"348.06000000","q":"3.22823000","b":1684966474,"a":1684966463,"T":1599450047300,"m":false,"M":true}
{"e":"trade","E":1599450047328,"s":"BTCUSDT","t":408143051,"p":"10208.86000000","q":"0.00788300","b":3148043224,"a":3148043332,"T":1599450047327,"m":true,"M":true}
{"e":"trade","E":1599450047328,"s":"BTCUSDT","t":408143052,"p":"10208.75000000","q":"0.07453000","b":3148043020,"a":3148043332,"T":1599450047327,"m":true,"M":true}
{"e":"trade","E":1599450047328,"s":"BTCUSDT","t":408143053,"p":"10208.65000000","q":"0.01199300","b":3148042923,"a":3148043332,"T":1599450047327,"m":true,"M":true}
{"e":"trade","E":1599450047406,"s":"ETHUSDT","t":184475311,"p":"348.06000000","q":"0.19900000","b":1684966510,"a":1684966486,"T":1599450047404,"m":false,"M":true}
{"e":"trade","E":1599450047424,"s":"BTCUSDT","t":408143054,"p":"10208.65000000","q":"0.00678500","b":3148042923,"a":3148043365,"T":1599450047422,"m":true,"M":true}
{"e":"trade","E":1599450047440,"s":"BTCUSDT","t":408143055,"p":"10208.65000000","q":"0.00000700","b":3148042923,"a":3148043373,"T":1599450047439,"m":true,"M":true}
{"e":"trade","E":1599450047440,"s":"BTCUSDT","t":408143056,"p":"10208.65000000","q":"0.00349100","b":3148043368,"a":3148043373,"T":1599450047439,"m":true,"M":true}
{"e":"trade","E":1599450047505,"s":"ETHUSDT","t":184475312,"p":"348.06000000","q":"0.45100000","b":1684966532,"a":1684966486,"T":1599450047504,"m":false,"M":true}
{"e":"trade","E":1599450047524,"s":"BTCUSDT","t":408143057,"p":"10208.65000000","q":"0.01537700","b":3148043368,"a":3148043384,"T":1599450047523,"m":true,"M":true}
{"e":"trade","E":1599450047623,"s":"ETHUSDT","t":184475313,"p":"348.06000000","q":"0.12717000","b":1684966552,"a":1684966486,"T":1599450047621,"m":false,"M":true}
{"e":"trade","E":1599450047731,"s":"BTCUSDT","t":408143058,"p":"10208.66000000","q":"0.00118300","b":3148043396,"a":3148043355,"T":1599450047730,"m":false,"M":true}
{"e":"trade","E":1599450047743,"s":"ETHUSDT","t":184475314,"p":"348.06000000","q":"0.25612000","b":1684966565,"a":1684966486,"T":1599450047742,"m":false,"M":true}
{"e":"trade","E":1599450047746,"s":"BTCUSDT","t":408143059,"p":"10208.66000000","q":"0.12219600","b":3148043400,"a":3148043355,"T":1599450047745,"m":false,"M":true}
{"e":"trade","E":1599450047901,"s":"ETHUSDT","t":184475315,"p":"348.06000000","q":"3.00000000","b":1684966575,"a":1684966486,"T":1599450047900,"m":false,"M":true}
{"e":"trade","E":1599450048698,"s":"BTCUSDT","t":408143060,"p":"10208.66000000","q":"0.03150200","b":3148043452,"a":3148043355,"T":1599450048697,"m":false,"M":true}
{"e":"trade","E":1599450049167,"s":"ETHUSDT","t":184475316,"p":"348.05000000","q":"3.00000000","b":1684966467,"a":1684966668,"T":1599450049165,"m":true,"M":true}
{"e":"trade","E":1599450049167,"s":"ETHUSDT","t":184475317,"p":"348.05000000","q":"1.64800000","b":1684966478,"a":1684966668,"T":1599450049165,"m":true,"M":true}
{"e":"trade","E":1599450049169,"s":"ETHUSDT","t":184475318,"p":"348.05000000","q":"2.50000000","b":1684966478,"a":1684966669,"T":1599450049166,"m":true,"M":true}
{"e":"trade","E":1599450049169,"s":"ETHUSDT","t":184475319,"p":"348.05000000","q":"0.31800000","b":1684966478,"a":1684966670,"T":1599450049166,"m":true,"M":true}
{"e":"trade","E":1599450049169,"s":"ETHUSDT","t":184475320,"p":"348.05000000","q":"14.32648000","b":1684966478,"a":1684966671,"T":1599450049167,"m":true,"M":true}
{"e":"trade","E":1599450049187,"s":"ETHUSDT","t":184475321,"p":"348.05000000","q":"3.00000000","b":1684966507,"a":1684966691,"T":1599450049185,"m":true,"M":true}
{"e":"trade","E":1599450049187,"s":"ETHUSDT","t":184475322,"p":"348.05000000","q":"1.31332000","b":1684966637,"a":1684966691,"T":1599450049185,"m":true,"M":true}
{"e":"trade","E":1599450049223,"s":"ETHUSDT","t":184475323,"p":"348.05000000","q":"1.68668000","b":1684966637,"a":1684966707,"T":1599450049222,"m":true,"M":true}
{"e":"trade","E":1599450049224,"s":"BTCUSDT","t":408143061,"p":"10208.66000000","q":"0.00143700","b":3148043470,"a":3148043355,"T":1599450049222,"m":false,"M":true}
{"e":"trade","E":1599450049231,"s":"ETHUSDT","t":184475324,"p":"348.02000000","q":"0.50156000","b":1684966583,"a":1684966713,"T":1599450049230,"m":true,"M":true}
{"e":"trade","E":1599450049231,"s":"ETHUSDT","t":184475325,"p":"348.02000000","q":"0.36941000","b":1684966621,"a":1684966713,"T":1599450049230,"m":true,"M":true}
{"e":"trade","E":1599450049231,"s":"ETHUSDT","t":184475326,"p":"348.02000000","q":"0.24641000","b":1684966644,"a":1684966713,"T":1599450049230,"m":true,"M":true}
{"e":"trade","E":1599450049231,"s":"ETHUSDT","t":184475327,"p":"348.01000000","q":"0.32937000","b":1684966645,"a":1684966713,"T":1599450049230,"m":true,"M":true}
{"e":"trade","E":1599450049231,"s":"ETHUSDT","t":184475328,"p":"348.00000000","q":"1.00000000","b":1684962764,"a":1684966713,"T":1599450049230,"m":true,"M":true}
{"e":"trade","E":1599450049279,"s":"ETHUSDT","t":184475329,"p":"347.93000000","q":"0.05966000","b":1684965286,"a":1684966756,"T":1599450049278,"m":true,"M":true}
